%YAML 1.1
%TAG !u! tag:unity3d.com,2011:
--- !u!1 &8589885279505231137
GameObject:
  m_ObjectHideFlags: 0
  m_CorrespondingSourceObject: {fileID: 0}
  m_PrefabInstance: {fileID: 0}
  m_PrefabAsset: {fileID: 0}
  serializedVersion: 6
  m_Component:
  - component: {fileID: 8589885279505231138}
  - component: {fileID: 8589885279505231133}
  - component: {fileID: 8589885279505231132}
  - component: {fileID: 8589885279505231139}
  - component: {fileID: 6821834745622933142}
  m_Layer: 5
  m_Name: Blade
  m_TagString: Untagged
  m_Icon: {fileID: 0}
  m_NavMeshLayer: 0
  m_StaticEditorFlags: 0
  m_IsActive: 1
--- !u!224 &8589885279505231138
RectTransform:
  m_ObjectHideFlags: 0
  m_CorrespondingSourceObject: {fileID: 0}
  m_PrefabInstance: {fileID: 0}
  m_PrefabAsset: {fileID: 0}
  m_GameObject: {fileID: 8589885279505231137}
  m_LocalRotation: {x: -0, y: -0, z: -0, w: 1}
  m_LocalPosition: {x: 0, y: 0, z: 0}
  m_LocalScale: {x: 1, y: 1, z: 1}
  m_Children: []
  m_Father: {fileID: 8589885279895099869}
  m_RootOrder: 0
  m_LocalEulerAnglesHint: {x: 0, y: 0, z: 0}
  m_AnchorMin: {x: 0.5, y: 0.5}
  m_AnchorMax: {x: 0.5, y: 0.5}
  m_AnchoredPosition: {x: 0, y: 0}
  m_SizeDelta: {x: 31, y: 75}
  m_Pivot: {x: 0.5, y: 0.5}
--- !u!222 &8589885279505231133
CanvasRenderer:
  m_ObjectHideFlags: 0
  m_CorrespondingSourceObject: {fileID: 0}
  m_PrefabInstance: {fileID: 0}
  m_PrefabAsset: {fileID: 0}
  m_GameObject: {fileID: 8589885279505231137}
  m_CullTransparentMesh: 0
--- !u!114 &8589885279505231132
MonoBehaviour:
  m_ObjectHideFlags: 0
  m_CorrespondingSourceObject: {fileID: 0}
  m_PrefabInstance: {fileID: 0}
  m_PrefabAsset: {fileID: 0}
  m_GameObject: {fileID: 8589885279505231137}
  m_Enabled: 1
  m_EditorHideFlags: 0
  m_Script: {fileID: 11500000, guid: fe87c0e1cc204ed48ad3b37840f39efc, type: 3}
  m_Name: 
  m_EditorClassIdentifier: 
  m_Material: {fileID: 0}
  m_Color: {r: 1, g: 1, b: 1, a: 1}
  m_RaycastTarget: 1
  m_RaycastPadding: {x: 0, y: 0, z: 0, w: 0}
  m_Maskable: 1
  m_OnCullStateChanged:
    m_PersistentCalls:
      m_Calls: []
  m_Sprite: {fileID: 21300000, guid: 61133a95b67446e4a8f74bf01bef224b, type: 3}
  m_Type: 0
  m_PreserveAspect: 0
  m_FillCenter: 1
  m_FillMethod: 4
  m_FillAmount: 1
  m_FillClockwise: 1
  m_FillOrigin: 0
  m_UseSpriteMesh: 0
  m_PixelsPerUnitMultiplier: 1
--- !u!114 &8589885279505231139
MonoBehaviour:
  m_ObjectHideFlags: 0
  m_CorrespondingSourceObject: {fileID: 0}
  m_PrefabInstance: {fileID: 0}
  m_PrefabAsset: {fileID: 0}
  m_GameObject: {fileID: 8589885279505231137}
  m_Enabled: 1
  m_EditorHideFlags: 0
  m_Script: {fileID: 11500000, guid: 88fb3ea51bb752b49abd5037a4f40f6a, type: 3}
  m_Name: 
  m_EditorClassIdentifier: 
  playing: 0
  paused: 0
  timer: 0
  animIdx: -1
  currentIdx: 0
  speedRatio: 1
  playFrom: 0
  overrideTimeScale: 0
  timeScaleOverride: 0
  list:
  - animationName: blade-1
    animation:
      speedRatio: 1
      loop: 1
      frameToLoop: 0
      frameDatas:
      - sprite: {fileID: 21300000, guid: 61133a95b67446e4a8f74bf01bef224b, type: 3}
        time: 0.04
        eventEnabled: 0
        eventName: 
      name: blade-1
      selectedIndex: 0
      newFramesTime: 0.05
      setFramesTime: 0.1
    file: {fileID: 11400000, guid: 1494e3d1b8bc4294dadd161b78cd655e, type: 2}
  - animationName: blade-2
    animation:
      speedRatio: 1
      loop: 1
      frameToLoop: 0
      frameDatas:
      - sprite: {fileID: 21300000, guid: f4cf92ae47276d940803b9a0423842e6, type: 3}
        time: 0.04
        eventEnabled: 0
        eventName: 
      name: blade-2
      selectedIndex: 0
      newFramesTime: 0.05
      setFramesTime: 0.1
    file: {fileID: 11400000, guid: 1494e3d1b8bc4294dadd161b78cd655e, type: 2}
  - animationName: blade-3
    animation:
      speedRatio: 1
      loop: 1
      frameToLoop: 0
      frameDatas:
      - sprite: {fileID: 21300000, guid: 4437cfff1171dc54399018c5fa4494ad, type: 3}
        time: 0.04
        eventEnabled: 0
        eventName: 
      name: blade-3
      selectedIndex: 0
      newFramesTime: 0.05
      setFramesTime: 0.1
    file: {fileID: 11400000, guid: 1494e3d1b8bc4294dadd161b78cd655e, type: 2}
  - animationName: blade-4
    animation:
      speedRatio: 1
      loop: 1
      frameToLoop: 0
      frameDatas:
      - sprite: {fileID: 21300000, guid: 01709b578445ccf439414e764523f223, type: 3}
        time: 0.04
        eventEnabled: 0
        eventName: 
      name: blade-4
      selectedIndex: 0
      newFramesTime: 0.05
      setFramesTime: 0.1
    file: {fileID: 11400000, guid: 1494e3d1b8bc4294dadd161b78cd655e, type: 2}
  animationAsset: {fileID: 11400000, guid: 1494e3d1b8bc4294dadd161b78cd655e, type: 2}
  mode: 0
--- !u!225 &6821834745622933142
CanvasGroup:
  m_ObjectHideFlags: 0
  m_CorrespondingSourceObject: {fileID: 0}
  m_PrefabInstance: {fileID: 0}
  m_PrefabAsset: {fileID: 0}
  m_GameObject: {fileID: 8589885279505231137}
  m_Enabled: 1
  m_Alpha: 1
  m_Interactable: 0
  m_BlocksRaycasts: 0
  m_IgnoreParentGroups: 0
--- !u!1 &8589885279895099868
GameObject:
  m_ObjectHideFlags: 0
  m_CorrespondingSourceObject: {fileID: 0}
  m_PrefabInstance: {fileID: 0}
  m_PrefabAsset: {fileID: 0}
  serializedVersion: 6
  m_Component:
  - component: {fileID: 8589885279895099869}
  - component: {fileID: 8589885279895099871}
  - component: {fileID: 8589885279895099870}
  - component: {fileID: 8747450040057911572}
  m_Layer: 5
  m_Name: BladeBombProjectileEffect
  m_TagString: Untagged
  m_Icon: {fileID: 0}
  m_NavMeshLayer: 0
  m_StaticEditorFlags: 0
  m_IsActive: 1
--- !u!224 &8589885279895099869
RectTransform:
  m_ObjectHideFlags: 0
  m_CorrespondingSourceObject: {fileID: 0}
  m_PrefabInstance: {fileID: 0}
  m_PrefabAsset: {fileID: 0}
  m_GameObject: {fileID: 8589885279895099868}
  m_LocalRotation: {x: 0, y: 0, z: 0, w: 1}
  m_LocalPosition: {x: 0, y: 0, z: 0}
  m_LocalScale: {x: 1, y: 1, z: 1}
  m_Children:
  - {fileID: 8589885279505231138}
  m_Father: {fileID: 0}
  m_RootOrder: 0
  m_LocalEulerAnglesHint: {x: 0, y: 0, z: 0}
  m_AnchorMin: {x: 0.5, y: 0.5}
  m_AnchorMax: {x: 0.5, y: 0.5}
  m_AnchoredPosition: {x: 0, y: 0}
  m_SizeDelta: {x: 31, y: 75}
  m_Pivot: {x: 0.5, y: 0.5}
--- !u!223 &8589885279895099871
Canvas:
  m_ObjectHideFlags: 0
  m_CorrespondingSourceObject: {fileID: 0}
  m_PrefabInstance: {fileID: 0}
  m_PrefabAsset: {fileID: 0}
  m_GameObject: {fileID: 8589885279895099868}
  m_Enabled: 1
  serializedVersion: 3
  m_RenderMode: 2
  m_Camera: {fileID: 0}
  m_PlaneDistance: 100
  m_PixelPerfect: 0
  m_ReceivesEvents: 1
  m_OverrideSorting: 1
  m_OverridePixelPerfect: 0
  m_SortingBucketNormalizedSize: 0
  m_AdditionalShaderChannelsFlag: 0
  m_SortingLayerID: 0
  m_SortingOrder: 20
  m_TargetDisplay: 0
--- !u!225 &8589885279895099870
CanvasGroup:
  m_ObjectHideFlags: 0
  m_CorrespondingSourceObject: {fileID: 0}
  m_PrefabInstance: {fileID: 0}
  m_PrefabAsset: {fileID: 0}
  m_GameObject: {fileID: 8589885279895099868}
  m_Enabled: 1
  m_Alpha: 1
  m_Interactable: 1
  m_BlocksRaycasts: 1
  m_IgnoreParentGroups: 0
--- !u!114 &8747450040057911572
MonoBehaviour:
  m_ObjectHideFlags: 0
  m_CorrespondingSourceObject: {fileID: 0}
  m_PrefabInstance: {fileID: 0}
  m_PrefabAsset: {fileID: 0}
  m_GameObject: {fileID: 8589885279895099868}
  m_Enabled: 1
  m_EditorHideFlags: 0
  m_Script: {fileID: 11500000, guid: 350e3c53b7d09db4b9aebcc66c247e66, type: 3}
  m_Name: 
  m_EditorClassIdentifier: 
  boundsRect: {fileID: 8589885279895099869}
  projectileAnim: {fileID: 8589885279505231139}
  spinBladeCanvas: {fileID: 6821834745622933142}
