%YAML 1.1
%TAG !u! tag:unity3d.com,2011:
--- !u!1 &6191904331678141870
GameObject:
  m_ObjectHideFlags: 0
  m_CorrespondingSourceObject: {fileID: 0}
  m_PrefabInstance: {fileID: 0}
  m_PrefabAsset: {fileID: 0}
  serializedVersion: 6
  m_Component:
  - component: {fileID: 5115997417811420424}
  - component: {fileID: 2106907581859110652}
  m_Layer: 5
  m_Name: CardScrappedEffect
  m_TagString: Untagged
  m_Icon: {fileID: 0}
  m_NavMeshLayer: 0
  m_StaticEditorFlags: 0
  m_IsActive: 0
--- !u!224 &5115997417811420424
RectTransform:
  m_ObjectHideFlags: 0
  m_CorrespondingSourceObject: {fileID: 0}
  m_PrefabInstance: {fileID: 0}
  m_PrefabAsset: {fileID: 0}
  m_GameObject: {fileID: 6191904331678141870}
  m_LocalRotation: {x: 0, y: 0, z: 0, w: 1}
  m_LocalPosition: {x: 0, y: 0, z: 0}
  m_LocalScale: {x: 1, y: 1, z: 1}
  m_Children:
  - {fileID: 2997124771321068329}
  m_Father: {fileID: 0}
  m_RootOrder: 0
  m_LocalEulerAnglesHint: {x: 0, y: 0, z: 0}
  m_AnchorMin: {x: 0.5, y: 0.5}
  m_AnchorMax: {x: 0.5, y: 0.5}
  m_AnchoredPosition: {x: 0, y: 0}
  m_SizeDelta: {x: 168, y: 202}
  m_Pivot: {x: 0.5, y: 0.5}
--- !u!114 &2106907581859110652
MonoBehaviour:
  m_ObjectHideFlags: 0
  m_CorrespondingSourceObject: {fileID: 0}
  m_PrefabInstance: {fileID: 0}
  m_PrefabAsset: {fileID: 0}
  m_GameObject: {fileID: 6191904331678141870}
  m_Enabled: 1
  m_EditorHideFlags: 0
  m_Script: {fileID: 11500000, guid: eac01a17de3d40b599a4c8ff1ac4f059, type: 3}
  m_Name: 
  m_EditorClassIdentifier: 
  overlayJellyAnimator: {fileID: 170413921549254751}
--- !u!1 &6659272896951901322
GameObject:
  m_ObjectHideFlags: 0
  m_CorrespondingSourceObject: {fileID: 0}
  m_PrefabInstance: {fileID: 0}
  m_PrefabAsset: {fileID: 0}
  serializedVersion: 6
  m_Component:
  - component: {fileID: 2997124771321068329}
  - component: {fileID: 1230332266136001033}
  - component: {fileID: 8670851922084902194}
  - component: {fileID: 170413921549254751}
  m_Layer: 5
  m_Name: JellyScrapEffect
  m_TagString: Untagged
  m_Icon: {fileID: 0}
  m_NavMeshLayer: 0
  m_StaticEditorFlags: 0
  m_IsActive: 0
--- !u!224 &2997124771321068329
RectTransform:
  m_ObjectHideFlags: 0
  m_CorrespondingSourceObject: {fileID: 0}
  m_PrefabInstance: {fileID: 0}
  m_PrefabAsset: {fileID: 0}
  m_GameObject: {fileID: 6659272896951901322}
  m_LocalRotation: {x: 0, y: 0, z: 0, w: 1}
  m_LocalPosition: {x: 0, y: 0, z: 0}
  m_LocalScale: {x: 1, y: 1, z: 1}
  m_Children: []
  m_Father: {fileID: 5115997417811420424}
  m_RootOrder: 0
  m_LocalEulerAnglesHint: {x: 0, y: 0, z: 0}
  m_AnchorMin: {x: 0.5, y: 0.5}
  m_AnchorMax: {x: 0.5, y: 0.5}
  m_AnchoredPosition: {x: 0, y: 0}
  m_SizeDelta: {x: 384, y: 384}
  m_Pivot: {x: 0.5, y: 0.5}
--- !u!222 &1230332266136001033
CanvasRenderer:
  m_ObjectHideFlags: 0
  m_CorrespondingSourceObject: {fileID: 0}
  m_PrefabInstance: {fileID: 0}
  m_PrefabAsset: {fileID: 0}
  m_GameObject: {fileID: 6659272896951901322}
  m_CullTransparentMesh: 1
--- !u!114 &8670851922084902194
MonoBehaviour:
  m_ObjectHideFlags: 0
  m_CorrespondingSourceObject: {fileID: 0}
  m_PrefabInstance: {fileID: 0}
  m_PrefabAsset: {fileID: 0}
  m_GameObject: {fileID: 6659272896951901322}
  m_Enabled: 1
  m_EditorHideFlags: 0
  m_Script: {fileID: 11500000, guid: fe87c0e1cc204ed48ad3b37840f39efc, type: 3}
  m_Name: 
  m_EditorClassIdentifier: 
  m_Material: {fileID: 0}
  m_Color: {r: 1, g: 1, b: 1, a: 1}
  m_RaycastTarget: 0
  m_RaycastPadding: {x: 0, y: 0, z: 0, w: 0}
  m_Maskable: 0
  m_OnCullStateChanged:
    m_PersistentCalls:
      m_Calls: []
  m_Sprite: {fileID: -412901436796290316, guid: 8b753919bd32244518d060d2d5131b7b,
    type: 3}
  m_Type: 0
  m_PreserveAspect: 0
  m_FillCenter: 1
  m_FillMethod: 4
  m_FillAmount: 1
  m_FillClockwise: 1
  m_FillOrigin: 0
  m_UseSpriteMesh: 0
  m_PixelsPerUnitMultiplier: 1
--- !u!114 &170413921549254751
MonoBehaviour:
  m_ObjectHideFlags: 0
  m_CorrespondingSourceObject: {fileID: 0}
  m_PrefabInstance: {fileID: 0}
  m_PrefabAsset: {fileID: 0}
  m_GameObject: {fileID: 6659272896951901322}
  m_Enabled: 1
  m_EditorHideFlags: 0
  m_Script: {fileID: 11500000, guid: 88fb3ea51bb752b49abd5037a4f40f6a, type: 3}
  m_Name: 
  m_EditorClassIdentifier: 
  playing: 0
  paused: 0
  timer: 0
  animIdx: -1
  currentIdx: 0
  speedRatio: 1
  playFrom: 0
  overrideTimeScale: 0
  timeScaleOverride: 0
  list:
  - animationName: scrapped
    animation:
      speedRatio: 1
      loop: 0
      frameToLoop: 0
      frameDatas:
      - sprite: {fileID: -412901436796290316, guid: 8b753919bd32244518d060d2d5131b7b,
          type: 3}
        time: 0.04
        eventEnabled: 0
        eventName: 
      - sprite: {fileID: 4249705639942252345, guid: 8b753919bd32244518d060d2d5131b7b,
          type: 3}
        time: 0.04
        eventEnabled: 0
        eventName: 
      - sprite: {fileID: 1322716192356082579, guid: 8b753919bd32244518d060d2d5131b7b,
          type: 3}
        time: 0.04
        eventEnabled: 0
        eventName: 
      - sprite: {fileID: 2385005865937791750, guid: 8b753919bd32244518d060d2d5131b7b,
          type: 3}
        time: 0.04
        eventEnabled: 0
        eventName: 
      - sprite: {fileID: -1439153186656750646, guid: 8b753919bd32244518d060d2d5131b7b,
          type: 3}
        time: 0.04
        eventEnabled: 0
        eventName: 
      - sprite: {fileID: 4042975782203446795, guid: 8b753919bd32244518d060d2d5131b7b,
          type: 3}
        time: 0.04
        eventEnabled: 0
        eventName: 
      - sprite: {fileID: -1749197631177286030, guid: 8b753919bd32244518d060d2d5131b7b,
          type: 3}
        time: 0.04
        eventEnabled: 0
        eventName: 
      - sprite: {fileID: 3911809334157960353, guid: 8b753919bd32244518d060d2d5131b7b,
          type: 3}
        time: 0.04
        eventEnabled: 0
        eventName: 
      - sprite: {fileID: -3051555040955576958, guid: 8b753919bd32244518d060d2d5131b7b,
          type: 3}
        time: 0.04
        eventEnabled: 0
        eventName: 
      - sprite: {fileID: -6795386154472957641, guid: 8b753919bd32244518d060d2d5131b7b,
          type: 3}
        time: 0.04
        eventEnabled: 0
        eventName: 
      - sprite: {fileID: -8485817486673892896, guid: 8b753919bd32244518d060d2d5131b7b,
          type: 3}
        time: 0.04
        eventEnabled: 0
        eventName: 
      - sprite: {fileID: 3052970310394065475, guid: 8b753919bd32244518d060d2d5131b7b,
          type: 3}
        time: 0.04
        eventEnabled: 0
        eventName: 
      - sprite: {fileID: -4938119843786596205, guid: 8b753919bd32244518d060d2d5131b7b,
          type: 3}
        time: 0.04
        eventEnabled: 0
        eventName: 
      - sprite: {fileID: -3595466379334243349, guid: 8b753919bd32244518d060d2d5131b7b,
          type: 3}
        time: 0.04
        eventEnabled: 0
        eventName: 
      - sprite: {fileID: -7839338210498098932, guid: 8b753919bd32244518d060d2d5131b7b,
          type: 3}
        time: 0.04
        eventEnabled: 0
        eventName: 
      - sprite: {fileID: -8955272098237103562, guid: 8b753919bd32244518d060d2d5131b7b,
          type: 3}
        time: 0.04
        eventEnabled: 0
        eventName: 
      - sprite: {fileID: 5612588867961738438, guid: 8b753919bd32244518d060d2d5131b7b,
          type: 3}
        time: 0.04
        eventEnabled: 0
        eventName: 
      - sprite: {fileID: 4625116912820883227, guid: 8b753919bd32244518d060d2d5131b7b,
          type: 3}
        time: 0.04
        eventEnabled: 0
        eventName: 
      - sprite: {fileID: -678339488734252004, guid: 8b753919bd32244518d060d2d5131b7b,
          type: 3}
        time: 0.04
        eventEnabled: 0
        eventName: 
      - sprite: {fileID: -7145245976278983075, guid: 8b753919bd32244518d060d2d5131b7b,
          type: 3}
        time: 0.04
        eventEnabled: 0
        eventName: 
      name: scrapped
      selectedIndex: 16
      newFramesTime: 0.05
      setFramesTime: 0.1
    file: {fileID: 11400000, guid: 86be9aa86fad14480a7858eb95195035, type: 2}
  - animationName: scrapped
    animation:
      speedRatio: 1
      loop: 0
      frameToLoop: 0
      frameDatas:
      - sprite: {fileID: -412901436796290316, guid: 8b753919bd32244518d060d2d5131b7b,
          type: 3}
        time: 0.04
        eventEnabled: 0
        eventName: 
      - sprite: {fileID: 4249705639942252345, guid: 8b753919bd32244518d060d2d5131b7b,
          type: 3}
        time: 0.04
        eventEnabled: 0
        eventName: 
      - sprite: {fileID: 1322716192356082579, guid: 8b753919bd32244518d060d2d5131b7b,
          type: 3}
        time: 0.04
        eventEnabled: 0
        eventName: 
      - sprite: {fileID: 2385005865937791750, guid: 8b753919bd32244518d060d2d5131b7b,
          type: 3}
        time: 0.04
        eventEnabled: 0
        eventName: 
      - sprite: {fileID: -1439153186656750646, guid: 8b753919bd32244518d060d2d5131b7b,
          type: 3}
        time: 0.04
        eventEnabled: 0
        eventName: 
      - sprite: {fileID: 4042975782203446795, guid: 8b753919bd32244518d060d2d5131b7b,
          type: 3}
        time: 0.04
        eventEnabled: 0
        eventName: 
      - sprite: {fileID: -1749197631177286030, guid: 8b753919bd32244518d060d2d5131b7b,
          type: 3}
        time: 0.3
        eventEnabled: 0
        eventName: 
      - sprite: {fileID: 3911809334157960353, guid: 8b753919bd32244518d060d2d5131b7b,
          type: 3}
        time: 0.04
        eventEnabled: 0
        eventName: 
      - sprite: {fileID: -3051555040955576958, guid: 8b753919bd32244518d060d2d5131b7b,
          type: 3}
        time: 0.04
        eventEnabled: 0
        eventName: 
      - sprite: {fileID: -6795386154472957641, guid: 8b753919bd32244518d060d2d5131b7b,
          type: 3}
        time: 0.04
        eventEnabled: 0
        eventName: 
      - sprite: {fileID: -8485817486673892896, guid: 8b753919bd32244518d060d2d5131b7b,
          type: 3}
        time: 0.04
        eventEnabled: 0
        eventName: 
      - sprite: {fileID: 3052970310394065475, guid: 8b753919bd32244518d060d2d5131b7b,
          type: 3}
        time: 0.04
        eventEnabled: 0
        eventName: 
      - sprite: {fileID: -4938119843786596205, guid: 8b753919bd32244518d060d2d5131b7b,
          type: 3}
        time: 0.04
        eventEnabled: 0
        eventName: 
      - sprite: {fileID: -3595466379334243349, guid: 8b753919bd32244518d060d2d5131b7b,
          type: 3}
        time: 0.04
        eventEnabled: 0
        eventName: 
      - sprite: {fileID: -7839338210498098932, guid: 8b753919bd32244518d060d2d5131b7b,
          type: 3}
        time: 0.04
        eventEnabled: 0
        eventName: 
      - sprite: {fileID: -8955272098237103562, guid: 8b753919bd32244518d060d2d5131b7b,
          type: 3}
        time: 0.04
        eventEnabled: 0
        eventName: 
      - sprite: {fileID: 5612588867961738438, guid: 8b753919bd32244518d060d2d5131b7b,
          type: 3}
        time: 0.04
        eventEnabled: 0
        eventName: 
      - sprite: {fileID: 4625116912820883227, guid: 8b753919bd32244518d060d2d5131b7b,
          type: 3}
        time: 0.3
        eventEnabled: 0
        eventName: 
      - sprite: {fileID: -678339488734252004, guid: 8b753919bd32244518d060d2d5131b7b,
          type: 3}
        time: 0.04
        eventEnabled: 0
        eventName: 
      - sprite: {fileID: -7145245976278983075, guid: 8b753919bd32244518d060d2d5131b7b,
          type: 3}
        time: 0.04
        eventEnabled: 0
        eventName: 
      name: scrapped
      selectedIndex: 3
      newFramesTime: 0.05
      setFramesTime: 0.1
    file: {fileID: 11400000, guid: 86be9aa86fad14480a7858eb95195035, type: 2}
  animationAsset: {fileID: 11400000, guid: 86be9aa86fad14480a7858eb95195035, type: 2}
  mode: 0
