%YAML 1.1
%TAG !u! tag:unity3d.com,2011:
--- !u!1 &3824022859460133411
GameObject:
  m_ObjectHideFlags: 0
  m_CorrespondingSourceObject: {fileID: 0}
  m_PrefabInstance: {fileID: 0}
  m_PrefabAsset: {fileID: 0}
  serializedVersion: 6
  m_Component:
  - component: {fileID: 5858648306214288738}
  - component: {fileID: 1322711697552723410}
  - component: {fileID: 8119786472234544571}
  - component: {fileID: 6578452334051338826}
  - component: {fileID: 8945978107390520710}
  m_Layer: 5
  m_Name: DeathEffect
  m_TagString: Untagged
  m_Icon: {fileID: 0}
  m_NavMeshLayer: 0
  m_StaticEditorFlags: 0
  m_IsActive: 0
--- !u!224 &5858648306214288738
RectTransform:
  m_ObjectHideFlags: 0
  m_CorrespondingSourceObject: {fileID: 0}
  m_PrefabInstance: {fileID: 0}
  m_PrefabAsset: {fileID: 0}
  m_GameObject: {fileID: 3824022859460133411}
  m_LocalRotation: {x: -0, y: -0, z: -0, w: 1}
  m_LocalPosition: {x: 0, y: 0, z: 0}
  m_LocalScale: {x: 1, y: 1, z: 1}
  m_Children: []
  m_Father: {fileID: 0}
  m_RootOrder: 0
  m_LocalEulerAnglesHint: {x: 0, y: 0, z: 0}
  m_AnchorMin: {x: 0.5, y: 0.5}
  m_AnchorMax: {x: 0.5, y: 0.5}
  m_AnchoredPosition: {x: 0, y: -3}
  m_SizeDelta: {x: 180, y: 180}
  m_Pivot: {x: 0.5, y: 0.5}
--- !u!222 &1322711697552723410
CanvasRenderer:
  m_ObjectHideFlags: 0
  m_CorrespondingSourceObject: {fileID: 0}
  m_PrefabInstance: {fileID: 0}
  m_PrefabAsset: {fileID: 0}
  m_GameObject: {fileID: 3824022859460133411}
  m_CullTransparentMesh: 0
--- !u!114 &8119786472234544571
MonoBehaviour:
  m_ObjectHideFlags: 0
  m_CorrespondingSourceObject: {fileID: 0}
  m_PrefabInstance: {fileID: 0}
  m_PrefabAsset: {fileID: 0}
  m_GameObject: {fileID: 3824022859460133411}
  m_Enabled: 1
  m_EditorHideFlags: 0
  m_Script: {fileID: 11500000, guid: fe87c0e1cc204ed48ad3b37840f39efc, type: 3}
  m_Name: 
  m_EditorClassIdentifier: 
  m_Material: {fileID: 0}
  m_Color: {r: 1, g: 1, b: 1, a: 1}
  m_RaycastTarget: 0
  m_RaycastPadding: {x: 0, y: 0, z: 0, w: 0}
  m_Maskable: 1
  m_OnCullStateChanged:
    m_PersistentCalls:
      m_Calls: []
  m_Sprite: {fileID: 7651597262657236714, guid: 3b7f676dde49446c7808c04ac936f06e,
    type: 3}
  m_Type: 0
  m_PreserveAspect: 0
  m_FillCenter: 1
  m_FillMethod: 4
  m_FillAmount: 1
  m_FillClockwise: 1
  m_FillOrigin: 0
  m_UseSpriteMesh: 0
  m_PixelsPerUnitMultiplier: 1
--- !u!114 &6578452334051338826
MonoBehaviour:
  m_ObjectHideFlags: 0
  m_CorrespondingSourceObject: {fileID: 0}
  m_PrefabInstance: {fileID: 0}
  m_PrefabAsset: {fileID: 0}
  m_GameObject: {fileID: 3824022859460133411}
  m_Enabled: 1
  m_EditorHideFlags: 0
  m_Script: {fileID: 11500000, guid: 88fb3ea51bb752b49abd5037a4f40f6a, type: 3}
  m_Name: 
  m_EditorClassIdentifier: 
  playing: 0
  paused: 0
  timer: 0
  animIdx: -1
  currentIdx: 0
  speedRatio: 1
  playFrom: 0
  overrideTimeScale: 0
  timeScaleOverride: 0
  list:
  - animationName: destroyed
    animation:
      speedRatio: 1
      loop: 1
      frameToLoop: 0
      frameDatas:
      - sprite: {fileID: 7651597262657236714, guid: 3b7f676dde49446c7808c04ac936f06e,
          type: 3}
        time: 0.04
        eventEnabled: 0
        eventName: 
      - sprite: {fileID: 204706510579187475, guid: 3b7f676dde49446c7808c04ac936f06e,
          type: 3}
        time: 0.04
        eventEnabled: 0
        eventName: 
      - sprite: {fileID: -3173310861294767614, guid: 3b7f676dde49446c7808c04ac936f06e,
          type: 3}
        time: 0.04
        eventEnabled: 0
        eventName: 
      - sprite: {fileID: -8756963889898843434, guid: 3b7f676dde49446c7808c04ac936f06e,
          type: 3}
        time: 0.04
        eventEnabled: 0
        eventName: 
      - sprite: {fileID: 4336996844743658202, guid: 3b7f676dde49446c7808c04ac936f06e,
          type: 3}
        time: 0.04
        eventEnabled: 0
        eventName: 
      - sprite: {fileID: -1141542377389295292, guid: 3b7f676dde49446c7808c04ac936f06e,
          type: 3}
        time: 0.04
        eventEnabled: 0
        eventName: 
      - sprite: {fileID: 6457624960465331624, guid: 3b7f676dde49446c7808c04ac936f06e,
          type: 3}
        time: 0.04
        eventEnabled: 0
        eventName: 
      - sprite: {fileID: -9206168657413092578, guid: 3b7f676dde49446c7808c04ac936f06e,
          type: 3}
        time: 0.04
        eventEnabled: 0
        eventName: 
      - sprite: {fileID: 2974806498941847955, guid: 3b7f676dde49446c7808c04ac936f06e,
          type: 3}
        time: 0.04
        eventEnabled: 0
        eventName: 
      - sprite: {fileID: -237353090144724920, guid: 3b7f676dde49446c7808c04ac936f06e,
          type: 3}
        time: 0.04
        eventEnabled: 0
        eventName: 
      - sprite: {fileID: 4114525811406517484, guid: 3b7f676dde49446c7808c04ac936f06e,
          type: 3}
        time: 0.04
        eventEnabled: 0
        eventName: 
      - sprite: {fileID: 8793769620259090192, guid: 3b7f676dde49446c7808c04ac936f06e,
          type: 3}
        time: 0.04
        eventEnabled: 0
        eventName: 
      - sprite: {fileID: 6794969888785458136, guid: 3b7f676dde49446c7808c04ac936f06e,
          type: 3}
        time: 0.04
        eventEnabled: 0
        eventName: 
      - sprite: {fileID: -1278183953265829397, guid: 3b7f676dde49446c7808c04ac936f06e,
          type: 3}
        time: 0.04
        eventEnabled: 0
        eventName: 
      - sprite: {fileID: -8928198572310382756, guid: 3b7f676dde49446c7808c04ac936f06e,
          type: 3}
        time: 0.04
        eventEnabled: 0
        eventName: 
      - sprite: {fileID: 7385187577134210641, guid: 3b7f676dde49446c7808c04ac936f06e,
          type: 3}
        time: 0.04
        eventEnabled: 0
        eventName: 
      - sprite: {fileID: 4552342834219592886, guid: 3b7f676dde49446c7808c04ac936f06e,
          type: 3}
        time: 0.04
        eventEnabled: 0
        eventName: 
      - sprite: {fileID: -7602125146153032067, guid: 3b7f676dde49446c7808c04ac936f06e,
          type: 3}
        time: 0.04
        eventEnabled: 0
        eventName: 
      - sprite: {fileID: 7643044426528365097, guid: 3b7f676dde49446c7808c04ac936f06e,
          type: 3}
        time: 0.04
        eventEnabled: 0
        eventName: 
      - sprite: {fileID: -8456380784084847230, guid: 3b7f676dde49446c7808c04ac936f06e,
          type: 3}
        time: 0.04
        eventEnabled: 0
        eventName: 
      - sprite: {fileID: -2042432547274262357, guid: 3b7f676dde49446c7808c04ac936f06e,
          type: 3}
        time: 0.04
        eventEnabled: 0
        eventName: 
      - sprite: {fileID: 5466811187447724512, guid: 3b7f676dde49446c7808c04ac936f06e,
          type: 3}
        time: 0.04
        eventEnabled: 0
        eventName: 
      - sprite: {fileID: 2455143765938203595, guid: 3b7f676dde49446c7808c04ac936f06e,
          type: 3}
        time: 0.04
        eventEnabled: 0
        eventName: 
      - sprite: {fileID: -5718094121461202827, guid: 3b7f676dde49446c7808c04ac936f06e,
          type: 3}
        time: 0.04
        eventEnabled: 0
        eventName: 
      - sprite: {fileID: -5961846411650796563, guid: 3b7f676dde49446c7808c04ac936f06e,
          type: 3}
        time: 0.04
        eventEnabled: 0
        eventName: 
      - sprite: {fileID: -5174799968325937823, guid: 3b7f676dde49446c7808c04ac936f06e,
          type: 3}
        time: 0.04
        eventEnabled: 0
        eventName: 
      name: destroyed
      selectedIndex: 0
      newFramesTime: 0.05
      setFramesTime: 0.1
    file: {fileID: 11400000, guid: 2c0d8d2e7d8764a069d1966e6fa6f1a6, type: 2}
  - animationName: spawn-on-board
    animation:
      speedRatio: 1
      loop: 1
      frameToLoop: 0
      frameDatas:
      - sprite: {fileID: 3074271114475137611, guid: bd90846f6620e44c5bd85ad40fc7c402,
          type: 3}
        time: 0.04
        eventEnabled: 0
        eventName: 
      - sprite: {fileID: 7051502811169915703, guid: bd90846f6620e44c5bd85ad40fc7c402,
          type: 3}
        time: 0.04
        eventEnabled: 0
        eventName: 
      - sprite: {fileID: -8706910077531055277, guid: bd90846f6620e44c5bd85ad40fc7c402,
          type: 3}
        time: 0.04
        eventEnabled: 0
        eventName: 
      - sprite: {fileID: -3434504693699692570, guid: bd90846f6620e44c5bd85ad40fc7c402,
          type: 3}
        time: 0.04
        eventEnabled: 0
        eventName: 
      - sprite: {fileID: -5899704031304662867, guid: bd90846f6620e44c5bd85ad40fc7c402,
          type: 3}
        time: 0.04
        eventEnabled: 0
        eventName: 
      - sprite: {fileID: -1001424848312776101, guid: bd90846f6620e44c5bd85ad40fc7c402,
          type: 3}
        time: 0.04
        eventEnabled: 0
        eventName: 
      - sprite: {fileID: -7809382207171731657, guid: bd90846f6620e44c5bd85ad40fc7c402,
          type: 3}
        time: 0.04
        eventEnabled: 0
        eventName: 
      - sprite: {fileID: 7599907661872537532, guid: bd90846f6620e44c5bd85ad40fc7c402,
          type: 3}
        time: 0.04
        eventEnabled: 0
        eventName: 
      - sprite: {fileID: 7532790656909730560, guid: bd90846f6620e44c5bd85ad40fc7c402,
          type: 3}
        time: 0.04
        eventEnabled: 0
        eventName: 
      - sprite: {fileID: -9203600024661907862, guid: bd90846f6620e44c5bd85ad40fc7c402,
          type: 3}
        time: 0.04
        eventEnabled: 0
        eventName: 
      - sprite: {fileID: 4611727060440329435, guid: bd90846f6620e44c5bd85ad40fc7c402,
          type: 3}
        time: 0.04
        eventEnabled: 0
        eventName: 
      - sprite: {fileID: -8312071211484486089, guid: bd90846f6620e44c5bd85ad40fc7c402,
          type: 3}
        time: 0.04
        eventEnabled: 0
        eventName: 
      - sprite: {fileID: -706235428343698462, guid: bd90846f6620e44c5bd85ad40fc7c402,
          type: 3}
        time: 0.04
        eventEnabled: 0
        eventName: 
      - sprite: {fileID: -1767939246386100994, guid: bd90846f6620e44c5bd85ad40fc7c402,
          type: 3}
        time: 0.04
        eventEnabled: 0
        eventName: 
      - sprite: {fileID: 7494698527757733368, guid: bd90846f6620e44c5bd85ad40fc7c402,
          type: 3}
        time: 0.04
        eventEnabled: 0
        eventName: 
      - sprite: {fileID: -4468359165092955937, guid: bd90846f6620e44c5bd85ad40fc7c402,
          type: 3}
        time: 0.04
        eventEnabled: 0
        eventName: 
      - sprite: {fileID: 6861050297662919793, guid: bd90846f6620e44c5bd85ad40fc7c402,
          type: 3}
        time: 0.04
        eventEnabled: 0
        eventName: 
      - sprite: {fileID: -8707643804134264607, guid: bd90846f6620e44c5bd85ad40fc7c402,
          type: 3}
        time: 0.04
        eventEnabled: 0
        eventName: 
      - sprite: {fileID: -8283714425642370707, guid: bd90846f6620e44c5bd85ad40fc7c402,
          type: 3}
        time: 0.04
        eventEnabled: 0
        eventName: 
      - sprite: {fileID: -4842742991972765278, guid: bd90846f6620e44c5bd85ad40fc7c402,
          type: 3}
        time: 0.04
        eventEnabled: 0
        eventName: 
      - sprite: {fileID: -7218632354550477520, guid: bd90846f6620e44c5bd85ad40fc7c402,
          type: 3}
        time: 0.04
        eventEnabled: 0
        eventName: 
      - sprite: {fileID: 5669186392967220216, guid: bd90846f6620e44c5bd85ad40fc7c402,
          type: 3}
        time: 0.04
        eventEnabled: 0
        eventName: 
      - sprite: {fileID: -903514615785052446, guid: bd90846f6620e44c5bd85ad40fc7c402,
          type: 3}
        time: 0.04
        eventEnabled: 0
        eventName: 
      - sprite: {fileID: -4675454449011081272, guid: bd90846f6620e44c5bd85ad40fc7c402,
          type: 3}
        time: 0.04
        eventEnabled: 0
        eventName: 
      - sprite: {fileID: -6453821132367738220, guid: bd90846f6620e44c5bd85ad40fc7c402,
          type: 3}
        time: 0.04
        eventEnabled: 0
        eventName: 
      - sprite: {fileID: 1751802541008429819, guid: bd90846f6620e44c5bd85ad40fc7c402,
          type: 3}
        time: 0.04
        eventEnabled: 0
        eventName: 
      - sprite: {fileID: 2144842603493951650, guid: bd90846f6620e44c5bd85ad40fc7c402,
          type: 3}
        time: 0.04
        eventEnabled: 0
        eventName: 
      - sprite: {fileID: -6965826053369838942, guid: bd90846f6620e44c5bd85ad40fc7c402,
          type: 3}
        time: 0.04
        eventEnabled: 0
        eventName: 
      - sprite: {fileID: 3014869369959066358, guid: bd90846f6620e44c5bd85ad40fc7c402,
          type: 3}
        time: 0.04
        eventEnabled: 0
        eventName: 
      - sprite: {fileID: -2383381176406491689, guid: bd90846f6620e44c5bd85ad40fc7c402,
          type: 3}
        time: 0.04
        eventEnabled: 0
        eventName: 
      - sprite: {fileID: 1848769520354738980, guid: bd90846f6620e44c5bd85ad40fc7c402,
          type: 3}
        time: 0.04
        eventEnabled: 0
        eventName: 
      - sprite: {fileID: -8518943417867475845, guid: bd90846f6620e44c5bd85ad40fc7c402,
          type: 3}
        time: 0.04
        eventEnabled: 0
        eventName: 
      - sprite: {fileID: -5216785727963976882, guid: bd90846f6620e44c5bd85ad40fc7c402,
          type: 3}
        time: 0.04
        eventEnabled: 0
        eventName: 
      - sprite: {fileID: -7942466766298685244, guid: bd90846f6620e44c5bd85ad40fc7c402,
          type: 3}
        time: 0.04
        eventEnabled: 0
        eventName: 
      - sprite: {fileID: 9120540385049683368, guid: bd90846f6620e44c5bd85ad40fc7c402,
          type: 3}
        time: 0.04
        eventEnabled: 0
        eventName: 
      name: spawn-on-board
      selectedIndex: 27
      newFramesTime: 0.05
      setFramesTime: 0.1
    file: {fileID: 11400000, guid: 2c0d8d2e7d8764a069d1966e6fa6f1a6, type: 2}
  - animationName: use-minion
    animation:
      speedRatio: 1
      loop: 1
      frameToLoop: 0
      frameDatas:
      - sprite: {fileID: -7320749093729691396, guid: 417f74e50aaf24dafb1ec3efa741de60,
          type: 3}
        time: 0.04
        eventEnabled: 0
        eventName: 
      - sprite: {fileID: -3143196433588600972, guid: 417f74e50aaf24dafb1ec3efa741de60,
          type: 3}
        time: 0.04
        eventEnabled: 0
        eventName: 
      - sprite: {fileID: 5654707889519766354, guid: 417f74e50aaf24dafb1ec3efa741de60,
          type: 3}
        time: 0.04
        eventEnabled: 0
        eventName: 
      - sprite: {fileID: -2263414655089305008, guid: 417f74e50aaf24dafb1ec3efa741de60,
          type: 3}
        time: 0.04
        eventEnabled: 0
        eventName: 
      - sprite: {fileID: 4507900324444434609, guid: 417f74e50aaf24dafb1ec3efa741de60,
          type: 3}
        time: 0.04
        eventEnabled: 0
        eventName: 
      - sprite: {fileID: -5859472682023237760, guid: 417f74e50aaf24dafb1ec3efa741de60,
          type: 3}
        time: 0.04
        eventEnabled: 0
        eventName: 
      - sprite: {fileID: -7170027534914761413, guid: 417f74e50aaf24dafb1ec3efa741de60,
          type: 3}
        time: 0.04
        eventEnabled: 0
        eventName: 
      - sprite: {fileID: 62743008748686425, guid: 417f74e50aaf24dafb1ec3efa741de60,
          type: 3}
        time: 0.04
        eventEnabled: 0
        eventName: 
      - sprite: {fileID: 3842418865812356167, guid: 417f74e50aaf24dafb1ec3efa741de60,
          type: 3}
        time: 0.04
        eventEnabled: 0
        eventName: 
      - sprite: {fileID: 6176737738580145006, guid: 417f74e50aaf24dafb1ec3efa741de60,
          type: 3}
        time: 0.04
        eventEnabled: 0
        eventName: 
      - sprite: {fileID: -8066508598359696547, guid: 417f74e50aaf24dafb1ec3efa741de60,
          type: 3}
        time: 0.04
        eventEnabled: 0
        eventName: 
      - sprite: {fileID: 787169835765458574, guid: 417f74e50aaf24dafb1ec3efa741de60,
          type: 3}
        time: 0.04
        eventEnabled: 0
        eventName: 
      name: use-minion
      selectedIndex: 0
      newFramesTime: 0.05
      setFramesTime: 0.1
    file: {fileID: 11400000, guid: 2c0d8d2e7d8764a069d1966e6fa6f1a6, type: 2}
  - animationName: use-spell
    animation:
      speedRatio: 1
      loop: 1
      frameToLoop: 0
      frameDatas:
      - sprite: {fileID: -4995532721372156794, guid: e9ef5b95ed96b45e79eb3d29727e023e,
          type: 3}
        time: 0.04
        eventEnabled: 0
        eventName: 
      - sprite: {fileID: 6003323154616080282, guid: e9ef5b95ed96b45e79eb3d29727e023e,
          type: 3}
        time: 0.04
        eventEnabled: 0
        eventName: 
      - sprite: {fileID: -7412964527089470389, guid: e9ef5b95ed96b45e79eb3d29727e023e,
          type: 3}
        time: 0.04
        eventEnabled: 0
        eventName: 
      - sprite: {fileID: 5304793855087023904, guid: e9ef5b95ed96b45e79eb3d29727e023e,
          type: 3}
        time: 0.04
        eventEnabled: 0
        eventName: 
      - sprite: {fileID: -8098088733530969859, guid: e9ef5b95ed96b45e79eb3d29727e023e,
          type: 3}
        time: 0.04
        eventEnabled: 0
        eventName: 
      - sprite: {fileID: 1808074025483109878, guid: e9ef5b95ed96b45e79eb3d29727e023e,
          type: 3}
        time: 0.04
        eventEnabled: 0
        eventName: 
      - sprite: {fileID: -2585271176960368868, guid: e9ef5b95ed96b45e79eb3d29727e023e,
          type: 3}
        time: 0.04
        eventEnabled: 0
        eventName: 
      - sprite: {fileID: -1779313535527579646, guid: e9ef5b95ed96b45e79eb3d29727e023e,
          type: 3}
        time: 0.04
        eventEnabled: 0
        eventName: 
      - sprite: {fileID: -6800697010294446087, guid: e9ef5b95ed96b45e79eb3d29727e023e,
          type: 3}
        time: 0.04
        eventEnabled: 0
        eventName: 
      - sprite: {fileID: -7573652219370278992, guid: e9ef5b95ed96b45e79eb3d29727e023e,
          type: 3}
        time: 0.04
        eventEnabled: 0
        eventName: 
      - sprite: {fileID: -8514216804710661104, guid: e9ef5b95ed96b45e79eb3d29727e023e,
          type: 3}
        time: 0.04
        eventEnabled: 0
        eventName: 
      - sprite: {fileID: -7525837954539591835, guid: e9ef5b95ed96b45e79eb3d29727e023e,
          type: 3}
        time: 0.04
        eventEnabled: 0
        eventName: 
      name: use-spell
      selectedIndex: 0
      newFramesTime: 0.05
      setFramesTime: 0.1
    file: {fileID: 11400000, guid: 2c0d8d2e7d8764a069d1966e6fa6f1a6, type: 2}
  - animationName: use-trick
    animation:
      speedRatio: 1
      loop: 1
      frameToLoop: 0
      frameDatas:
      - sprite: {fileID: 3270405972243747159, guid: 6f2b92ee8dc9a4f4db745cde4227728d,
          type: 3}
        time: 0.04
        eventEnabled: 0
        eventName: 
      - sprite: {fileID: 7282131903173087125, guid: 6f2b92ee8dc9a4f4db745cde4227728d,
          type: 3}
        time: 0.04
        eventEnabled: 0
        eventName: 
      - sprite: {fileID: -4173578655253694502, guid: 6f2b92ee8dc9a4f4db745cde4227728d,
          type: 3}
        time: 0.04
        eventEnabled: 0
        eventName: 
      - sprite: {fileID: 867204395364317533, guid: 6f2b92ee8dc9a4f4db745cde4227728d,
          type: 3}
        time: 0.04
        eventEnabled: 0
        eventName: 
      - sprite: {fileID: 7405969343566173425, guid: 6f2b92ee8dc9a4f4db745cde4227728d,
          type: 3}
        time: 0.04
        eventEnabled: 0
        eventName: 
      - sprite: {fileID: 3932637302344856031, guid: 6f2b92ee8dc9a4f4db745cde4227728d,
          type: 3}
        time: 0.04
        eventEnabled: 0
        eventName: 
      - sprite: {fileID: 4531515050160098319, guid: 6f2b92ee8dc9a4f4db745cde4227728d,
          type: 3}
        time: 0.04
        eventEnabled: 0
        eventName: 
      - sprite: {fileID: 157324045861178978, guid: 6f2b92ee8dc9a4f4db745cde4227728d,
          type: 3}
        time: 0.04
        eventEnabled: 0
        eventName: 
      - sprite: {fileID: 6945614270795459242, guid: 6f2b92ee8dc9a4f4db745cde4227728d,
          type: 3}
        time: 0.04
        eventEnabled: 0
        eventName: 
      - sprite: {fileID: 8971926605329880699, guid: 6f2b92ee8dc9a4f4db745cde4227728d,
          type: 3}
        time: 0.04
        eventEnabled: 0
        eventName: 
      - sprite: {fileID: -5273302625891027673, guid: 6f2b92ee8dc9a4f4db745cde4227728d,
          type: 3}
        time: 0.04
        eventEnabled: 0
        eventName: 
      - sprite: {fileID: 1512754077294164716, guid: 6f2b92ee8dc9a4f4db745cde4227728d,
          type: 3}
        time: 0.04
        eventEnabled: 0
        eventName: 
      name: use-trick
      selectedIndex: 0
      newFramesTime: 0.05
      setFramesTime: 0.1
    file: {fileID: 11400000, guid: 2c0d8d2e7d8764a069d1966e6fa6f1a6, type: 2}
  animationAsset: {fileID: 11400000, guid: 2c0d8d2e7d8764a069d1966e6fa6f1a6, type: 2}
  mode: 0
--- !u!114 &8945978107390520710
MonoBehaviour:
  m_ObjectHideFlags: 0
  m_CorrespondingSourceObject: {fileID: 0}
  m_PrefabInstance: {fileID: 0}
  m_PrefabAsset: {fileID: 0}
  m_GameObject: {fileID: 3824022859460133411}
  m_Enabled: 1
  m_EditorHideFlags: 0
  m_Script: {fileID: 11500000, guid: ba6739d6ebd7431d8f19d20d1a4d9c00, type: 3}
  m_Name: 
  m_EditorClassIdentifier: 
  deathEffect: {fileID: 6578452334051338826}
