%YAML 1.1
%TAG !u! tag:unity3d.com,2011:
--- !u!1 &2618397310508932501
GameObject:
  m_ObjectHideFlags: 0
  m_CorrespondingSourceObject: {fileID: 0}
  m_PrefabInstance: {fileID: 0}
  m_PrefabAsset: {fileID: 0}
  serializedVersion: 6
  m_Component:
  - component: {fileID: 6018207501553585718}
  - component: {fileID: 3288752157936524093}
  - component: {fileID: 3771059553146590957}
  - component: {fileID: 3909606570238640496}
  m_Layer: 5
  m_Name: Animator
  m_TagString: Untagged
  m_Icon: {fileID: 0}
  m_NavMeshLayer: 0
  m_StaticEditorFlags: 0
  m_IsActive: 1
--- !u!224 &6018207501553585718
RectTransform:
  m_ObjectHideFlags: 0
  m_CorrespondingSourceObject: {fileID: 0}
  m_PrefabInstance: {fileID: 0}
  m_PrefabAsset: {fileID: 0}
  m_GameObject: {fileID: 2618397310508932501}
  m_LocalRotation: {x: 0, y: 0, z: 0, w: 1}
  m_LocalPosition: {x: 0, y: 0, z: 0}
  m_LocalScale: {x: 1, y: 1, z: 1}
  m_Children: []
  m_Father: {fileID: 1593266066044568937}
  m_RootOrder: 0
  m_LocalEulerAnglesHint: {x: 0, y: 0, z: 0}
  m_AnchorMin: {x: 0.5, y: 0.5}
  m_AnchorMax: {x: 0.5, y: 0.5}
  m_AnchoredPosition: {x: 0, y: 0}
  m_SizeDelta: {x: 256, y: 256}
  m_Pivot: {x: 0.5, y: 0.5}
--- !u!222 &3288752157936524093
CanvasRenderer:
  m_ObjectHideFlags: 0
  m_CorrespondingSourceObject: {fileID: 0}
  m_PrefabInstance: {fileID: 0}
  m_PrefabAsset: {fileID: 0}
  m_GameObject: {fileID: 2618397310508932501}
  m_CullTransparentMesh: 1
--- !u!114 &3771059553146590957
MonoBehaviour:
  m_ObjectHideFlags: 0
  m_CorrespondingSourceObject: {fileID: 0}
  m_PrefabInstance: {fileID: 0}
  m_PrefabAsset: {fileID: 0}
  m_GameObject: {fileID: 2618397310508932501}
  m_Enabled: 1
  m_EditorHideFlags: 0
  m_Script: {fileID: 11500000, guid: fe87c0e1cc204ed48ad3b37840f39efc, type: 3}
  m_Name: 
  m_EditorClassIdentifier: 
  m_Material: {fileID: 0}
  m_Color: {r: 1, g: 1, b: 1, a: 1}
  m_RaycastTarget: 0
  m_RaycastPadding: {x: 0, y: 0, z: 0, w: 0}
  m_Maskable: 0
  m_OnCullStateChanged:
    m_PersistentCalls:
      m_Calls: []
  m_Sprite: {fileID: 2969860342336013805, guid: 7d7d15c7ef8f04bccbadf0d5cf5f463d,
    type: 3}
  m_Type: 0
  m_PreserveAspect: 0
  m_FillCenter: 1
  m_FillMethod: 4
  m_FillAmount: 1
  m_FillClockwise: 1
  m_FillOrigin: 0
  m_UseSpriteMesh: 0
  m_PixelsPerUnitMultiplier: 1
--- !u!114 &3909606570238640496
MonoBehaviour:
  m_ObjectHideFlags: 0
  m_CorrespondingSourceObject: {fileID: 0}
  m_PrefabInstance: {fileID: 0}
  m_PrefabAsset: {fileID: 0}
  m_GameObject: {fileID: 2618397310508932501}
  m_Enabled: 1
  m_EditorHideFlags: 0
  m_Script: {fileID: 11500000, guid: 88fb3ea51bb752b49abd5037a4f40f6a, type: 3}
  m_Name: 
  m_EditorClassIdentifier: 
  playing: 0
  paused: 0
  timer: 0
  animIdx: -1
  currentIdx: 0
  speedRatio: 1
  playFrom: 0
  overrideTimeScale: 0
  timeScaleOverride: 0
  list:
  - animationName: despawn
    animation:
      speedRatio: 1
      loop: 0
      frameToLoop: 0
      frameDatas:
      - sprite: {fileID: -1229842633368828399, guid: 4bc9aaf204a744c938e81bd7bfda8822,
          type: 3}
        time: 0.04
        eventEnabled: 0
        eventName: 
      - sprite: {fileID: 1445085991154286742, guid: 4bc9aaf204a744c938e81bd7bfda8822,
          type: 3}
        time: 0.04
        eventEnabled: 0
        eventName: 
      - sprite: {fileID: -2788588200740474334, guid: 4bc9aaf204a744c938e81bd7bfda8822,
          type: 3}
        time: 0.04
        eventEnabled: 0
        eventName: 
      - sprite: {fileID: 21300000, guid: fd49ac06ab59f472699a83cd9ae6e5e3, type: 3}
        time: 0.04
        eventEnabled: 0
        eventName: 
      name: despawn
      selectedIndex: 3
      newFramesTime: 0.08
      setFramesTime: 0.04
    file: {fileID: 11400000, guid: 5cf1143eb9f504b8495e62aeae6fb820, type: 2}
  - animationName: explosion
    animation:
      speedRatio: 1
      loop: 0
      frameToLoop: 0
      frameDatas:
      - sprite: {fileID: 2969860342336013805, guid: 7d7d15c7ef8f04bccbadf0d5cf5f463d,
          type: 3}
        time: 0.04
        eventEnabled: 0
        eventName: 
      - sprite: {fileID: -7821071549366966168, guid: 7d7d15c7ef8f04bccbadf0d5cf5f463d,
          type: 3}
        time: 0.04
        eventEnabled: 0
        eventName: 
      - sprite: {fileID: -1858318492303723701, guid: 7d7d15c7ef8f04bccbadf0d5cf5f463d,
          type: 3}
        time: 0.04
        eventEnabled: 0
        eventName: 
      - sprite: {fileID: 759644103600005838, guid: 7d7d15c7ef8f04bccbadf0d5cf5f463d,
          type: 3}
        time: 0.04
        eventEnabled: 0
        eventName: 
      - sprite: {fileID: 4874959501934890345, guid: 7d7d15c7ef8f04bccbadf0d5cf5f463d,
          type: 3}
        time: 0.04
        eventEnabled: 0
        eventName: 
      - sprite: {fileID: 7017385364041464162, guid: 7d7d15c7ef8f04bccbadf0d5cf5f463d,
          type: 3}
        time: 0.04
        eventEnabled: 0
        eventName: 
      - sprite: {fileID: -8977369341903645340, guid: 7d7d15c7ef8f04bccbadf0d5cf5f463d,
          type: 3}
        time: 0.04
        eventEnabled: 0
        eventName: 
      - sprite: {fileID: 4374752272481309069, guid: 7d7d15c7ef8f04bccbadf0d5cf5f463d,
          type: 3}
        time: 0.04
        eventEnabled: 0
        eventName: 
      - sprite: {fileID: 3808424433964276514, guid: 7d7d15c7ef8f04bccbadf0d5cf5f463d,
          type: 3}
        time: 0.04
        eventEnabled: 0
        eventName: 
      - sprite: {fileID: 2601239945762063084, guid: 7d7d15c7ef8f04bccbadf0d5cf5f463d,
          type: 3}
        time: 0.04
        eventEnabled: 0
        eventName: 
      - sprite: {fileID: 21300000, guid: fd49ac06ab59f472699a83cd9ae6e5e3, type: 3}
        time: 0.05
        eventEnabled: 0
        eventName: 
      name: explosion
      selectedIndex: 0
      newFramesTime: 0.05
      setFramesTime: 0.1
    file: {fileID: 11400000, guid: 5cf1143eb9f504b8495e62aeae6fb820, type: 2}
  - animationName: idle
    animation:
      speedRatio: 1
      loop: 1
      frameToLoop: 0
      frameDatas:
      - sprite: {fileID: 1756476774767711624, guid: 709db0502770b449db06bb580e462373,
          type: 3}
        time: 0.04
        eventEnabled: 0
        eventName: 
      - sprite: {fileID: -6741503726955625329, guid: 709db0502770b449db06bb580e462373,
          type: 3}
        time: 0.04
        eventEnabled: 0
        eventName: 
      - sprite: {fileID: -5202960785069648609, guid: 709db0502770b449db06bb580e462373,
          type: 3}
        time: 0.04
        eventEnabled: 0
        eventName: 
      - sprite: {fileID: -2276732382476473700, guid: 709db0502770b449db06bb580e462373,
          type: 3}
        time: 0.04
        eventEnabled: 0
        eventName: 
      - sprite: {fileID: -1128337563700732038, guid: 709db0502770b449db06bb580e462373,
          type: 3}
        time: 0.04
        eventEnabled: 0
        eventName: 
      - sprite: {fileID: -4971710529409139029, guid: 709db0502770b449db06bb580e462373,
          type: 3}
        time: 0.04
        eventEnabled: 0
        eventName: 
      name: idle
      selectedIndex: 5
      newFramesTime: 0.05
      setFramesTime: 0.1
    file: {fileID: 11400000, guid: 5cf1143eb9f504b8495e62aeae6fb820, type: 2}
  - animationName: pre-explode
    animation:
      speedRatio: 1
      loop: 1
      frameToLoop: 0
      frameDatas:
      - sprite: {fileID: -4919601095601243447, guid: 8e8c5211c196c4824b08054d1607aea7,
          type: 3}
        time: 0.04
        eventEnabled: 0
        eventName: 
      - sprite: {fileID: -2300790323083386023, guid: 8e8c5211c196c4824b08054d1607aea7,
          type: 3}
        time: 0.04
        eventEnabled: 0
        eventName: 
      name: pre-explode
      selectedIndex: 1
      newFramesTime: 0.05
      setFramesTime: 0.1
    file: {fileID: 11400000, guid: 5cf1143eb9f504b8495e62aeae6fb820, type: 2}
  - animationName: spawn
    animation:
      speedRatio: 1
      loop: 0
      frameToLoop: 0
      frameDatas:
      - sprite: {fileID: -2788588200740474334, guid: 4bc9aaf204a744c938e81bd7bfda8822,
          type: 3}
        time: 0.04
        eventEnabled: 0
        eventName: 
      - sprite: {fileID: 1445085991154286742, guid: 4bc9aaf204a744c938e81bd7bfda8822,
          type: 3}
        time: 0.04
        eventEnabled: 0
        eventName: 
      - sprite: {fileID: -1229842633368828399, guid: 4bc9aaf204a744c938e81bd7bfda8822,
          type: 3}
        time: 0.04
        eventEnabled: 0
        eventName: 
      name: spawn
      selectedIndex: 2
      newFramesTime: 0.05
      setFramesTime: 0.1
    file: {fileID: 11400000, guid: 5cf1143eb9f504b8495e62aeae6fb820, type: 2}
  animationAsset: {fileID: 11400000, guid: 5cf1143eb9f504b8495e62aeae6fb820, type: 2}
  mode: 0
--- !u!1 &3863003937384719639
GameObject:
  m_ObjectHideFlags: 0
  m_CorrespondingSourceObject: {fileID: 0}
  m_PrefabInstance: {fileID: 0}
  m_PrefabAsset: {fileID: 0}
  serializedVersion: 6
  m_Component:
  - component: {fileID: 1593266066044568937}
  - component: {fileID: 9160652944337999743}
  m_Layer: 5
  m_Name: ExplosionParticle
  m_TagString: Untagged
  m_Icon: {fileID: 0}
  m_NavMeshLayer: 0
  m_StaticEditorFlags: 0
  m_IsActive: 1
--- !u!224 &1593266066044568937
RectTransform:
  m_ObjectHideFlags: 0
  m_CorrespondingSourceObject: {fileID: 0}
  m_PrefabInstance: {fileID: 0}
  m_PrefabAsset: {fileID: 0}
  m_GameObject: {fileID: 3863003937384719639}
  m_LocalRotation: {x: 0, y: 0, z: 0, w: 1}
  m_LocalPosition: {x: 0, y: 0, z: 0}
  m_LocalScale: {x: 1, y: 1, z: 1}
  m_Children:
  - {fileID: 6018207501553585718}
  m_Father: {fileID: 0}
  m_RootOrder: 0
  m_LocalEulerAnglesHint: {x: 0, y: 0, z: 0}
  m_AnchorMin: {x: 0.5, y: 0.5}
  m_AnchorMax: {x: 0.5, y: 0.5}
  m_AnchoredPosition: {x: 0, y: 0}
  m_SizeDelta: {x: 100, y: 100}
  m_Pivot: {x: 0.5, y: 0.5}
--- !u!114 &9160652944337999743
MonoBehaviour:
  m_ObjectHideFlags: 0
  m_CorrespondingSourceObject: {fileID: 0}
  m_PrefabInstance: {fileID: 0}
  m_PrefabAsset: {fileID: 0}
  m_GameObject: {fileID: 3863003937384719639}
  m_Enabled: 1
  m_EditorHideFlags: 0
  m_Script: {fileID: 11500000, guid: 2296dc16e1cf45c5848072d15dc2be6f, type: 3}
  m_Name: 
  m_EditorClassIdentifier: 
  animator: {fileID: 3909606570238640496}
  spawnAnimationName: explosion
  idleAnimationName: 
  despawnAnimationName: 
  tintTargetCard: 0
  tintColor: {r: 0, g: 0, b: 0, a: 0}
  animationToTint: 
  animationFrameToAlpha: []
