%YAML 1.1
%TAG !u! tag:unity3d.com,2011:
--- !u!1 &1251372861774927042
GameObject:
  m_ObjectHideFlags: 0
  m_CorrespondingSourceObject: {fileID: 0}
  m_PrefabInstance: {fileID: 0}
  m_PrefabAsset: {fileID: 0}
  serializedVersion: 6
  m_Component:
  - component: {fileID: 4079672539545979721}
  - component: {fileID: 546451049122083142}
  m_Layer: 5
  m_Name: LifestealEffect
  m_TagString: Untagged
  m_Icon: {fileID: 0}
  m_NavMeshLayer: 0
  m_StaticEditorFlags: 0
  m_IsActive: 0
--- !u!224 &4079672539545979721
RectTransform:
  m_ObjectHideFlags: 0
  m_CorrespondingSourceObject: {fileID: 0}
  m_PrefabInstance: {fileID: 0}
  m_PrefabAsset: {fileID: 0}
  m_GameObject: {fileID: 1251372861774927042}
  m_LocalRotation: {x: -0, y: -0, z: -0, w: 1}
  m_LocalPosition: {x: 0, y: 0, z: 0}
  m_LocalScale: {x: 1, y: 1, z: 1}
  m_Children:
  - {fileID: 1324905034520562187}
  - {fileID: 5491078686685307165}
  m_Father: {fileID: 0}
  m_RootOrder: 0
  m_LocalEulerAnglesHint: {x: 0, y: 0, z: 0}
  m_AnchorMin: {x: 0.5, y: 0.5}
  m_AnchorMax: {x: 0.5, y: 0.5}
  m_AnchoredPosition: {x: 0, y: 0}
  m_SizeDelta: {x: 84, y: 80}
  m_Pivot: {x: 0.5, y: 0.5}
--- !u!114 &546451049122083142
MonoBehaviour:
  m_ObjectHideFlags: 0
  m_CorrespondingSourceObject: {fileID: 0}
  m_PrefabInstance: {fileID: 0}
  m_PrefabAsset: {fileID: 0}
  m_GameObject: {fileID: 1251372861774927042}
  m_Enabled: 1
  m_EditorHideFlags: 0
  m_Script: {fileID: 11500000, guid: d7d8291b70dbace49abb4a547a6c612c, type: 3}
  m_Name: 
  m_EditorClassIdentifier: 
  animatorFront: {fileID: 6070903121851800545}
  animatorFrontCanvas: {fileID: 5270865153026855176}
  animatorBack: {fileID: 6193536902834102240}
  animatorBackCanvas: {fileID: 2218809706643710829}
  onTop: 0
--- !u!1 &4209880127748245267
GameObject:
  m_ObjectHideFlags: 0
  m_CorrespondingSourceObject: {fileID: 0}
  m_PrefabInstance: {fileID: 0}
  m_PrefabAsset: {fileID: 0}
  serializedVersion: 6
  m_Component:
  - component: {fileID: 1324905034520562187}
  - component: {fileID: 5361476764731975241}
  - component: {fileID: 9201809950506646133}
  - component: {fileID: 2218809706643710829}
  - component: {fileID: 6193536902834102240}
  m_Layer: 5
  m_Name: LifestealBack
  m_TagString: Untagged
  m_Icon: {fileID: 0}
  m_NavMeshLayer: 0
  m_StaticEditorFlags: 0
  m_IsActive: 0
--- !u!224 &1324905034520562187
RectTransform:
  m_ObjectHideFlags: 0
  m_CorrespondingSourceObject: {fileID: 0}
  m_PrefabInstance: {fileID: 0}
  m_PrefabAsset: {fileID: 0}
  m_GameObject: {fileID: 4209880127748245267}
  m_LocalRotation: {x: 0, y: 0, z: 0, w: 1}
  m_LocalPosition: {x: 0, y: 0, z: 0}
  m_LocalScale: {x: 1, y: 1, z: 1}
  m_Children: []
  m_Father: {fileID: 4079672539545979721}
  m_RootOrder: 0
  m_LocalEulerAnglesHint: {x: 0, y: 0, z: 0}
  m_AnchorMin: {x: 0.5, y: 0.5}
  m_AnchorMax: {x: 0.5, y: 0.5}
  m_AnchoredPosition: {x: 1, y: 8}
  m_SizeDelta: {x: 128, y: 128}
  m_Pivot: {x: 0.5, y: 0.5}
--- !u!222 &5361476764731975241
CanvasRenderer:
  m_ObjectHideFlags: 0
  m_CorrespondingSourceObject: {fileID: 0}
  m_PrefabInstance: {fileID: 0}
  m_PrefabAsset: {fileID: 0}
  m_GameObject: {fileID: 4209880127748245267}
  m_CullTransparentMesh: 1
--- !u!114 &9201809950506646133
MonoBehaviour:
  m_ObjectHideFlags: 0
  m_CorrespondingSourceObject: {fileID: 0}
  m_PrefabInstance: {fileID: 0}
  m_PrefabAsset: {fileID: 0}
  m_GameObject: {fileID: 4209880127748245267}
  m_Enabled: 1
  m_EditorHideFlags: 0
  m_Script: {fileID: 11500000, guid: fe87c0e1cc204ed48ad3b37840f39efc, type: 3}
  m_Name: 
  m_EditorClassIdentifier: 
  m_Material: {fileID: 0}
  m_Color: {r: 1, g: 1, b: 1, a: 1}
  m_RaycastTarget: 0
  m_RaycastPadding: {x: 0, y: 0, z: 0, w: 0}
  m_Maskable: 0
  m_OnCullStateChanged:
    m_PersistentCalls:
      m_Calls: []
  m_Sprite: {fileID: 1325812782367770001, guid: 5443fc78fbd7fe14fbce3e5656f4d5f9,
    type: 3}
  m_Type: 0
  m_PreserveAspect: 0
  m_FillCenter: 1
  m_FillMethod: 4
  m_FillAmount: 1
  m_FillClockwise: 1
  m_FillOrigin: 0
  m_UseSpriteMesh: 0
  m_PixelsPerUnitMultiplier: 1
--- !u!225 &2218809706643710829
CanvasGroup:
  m_ObjectHideFlags: 0
  m_CorrespondingSourceObject: {fileID: 0}
  m_PrefabInstance: {fileID: 0}
  m_PrefabAsset: {fileID: 0}
  m_GameObject: {fileID: 4209880127748245267}
  m_Enabled: 1
  m_Alpha: 1
  m_Interactable: 0
  m_BlocksRaycasts: 0
  m_IgnoreParentGroups: 0
--- !u!114 &6193536902834102240
MonoBehaviour:
  m_ObjectHideFlags: 0
  m_CorrespondingSourceObject: {fileID: 0}
  m_PrefabInstance: {fileID: 0}
  m_PrefabAsset: {fileID: 0}
  m_GameObject: {fileID: 4209880127748245267}
  m_Enabled: 1
  m_EditorHideFlags: 0
  m_Script: {fileID: 11500000, guid: 88fb3ea51bb752b49abd5037a4f40f6a, type: 3}
  m_Name: 
  m_EditorClassIdentifier: 
  playing: 0
  paused: 0
  timer: 0
  animIdx: -1
  currentIdx: 0
  speedRatio: 1
  playFrom: 0
  overrideTimeScale: 0
  timeScaleOverride: 0
  list:
  - animationName: idle
    animation:
      speedRatio: 1
      loop: 1
      frameToLoop: 0
      frameDatas:
      - sprite: {fileID: 1325812782367770001, guid: 5443fc78fbd7fe14fbce3e5656f4d5f9,
          type: 3}
        time: 0.06
        eventEnabled: 0
        eventName: 
      - sprite: {fileID: -182913258945965427, guid: 5443fc78fbd7fe14fbce3e5656f4d5f9,
          type: 3}
        time: 0.06
        eventEnabled: 0
        eventName: 
      - sprite: {fileID: 7777840186835938849, guid: 5443fc78fbd7fe14fbce3e5656f4d5f9,
          type: 3}
        time: 0.06
        eventEnabled: 0
        eventName: 
      - sprite: {fileID: 760295927445518057, guid: 5443fc78fbd7fe14fbce3e5656f4d5f9,
          type: 3}
        time: 0.06
        eventEnabled: 0
        eventName: 
      - sprite: {fileID: 6196459333856558947, guid: 5443fc78fbd7fe14fbce3e5656f4d5f9,
          type: 3}
        time: 0.06
        eventEnabled: 0
        eventName: 
      - sprite: {fileID: -2875202836137460917, guid: 5443fc78fbd7fe14fbce3e5656f4d5f9,
          type: 3}
        time: 0.06
        eventEnabled: 0
        eventName: 
      - sprite: {fileID: 4284363820704614355, guid: 5443fc78fbd7fe14fbce3e5656f4d5f9,
          type: 3}
        time: 0.06
        eventEnabled: 0
        eventName: 
      - sprite: {fileID: 8250769979842586092, guid: 5443fc78fbd7fe14fbce3e5656f4d5f9,
          type: 3}
        time: 0.06
        eventEnabled: 0
        eventName: 
      - sprite: {fileID: -1919578758510294051, guid: 5443fc78fbd7fe14fbce3e5656f4d5f9,
          type: 3}
        time: 0.06
        eventEnabled: 0
        eventName: 
      name: idle
      selectedIndex: 0
      newFramesTime: 0.05
      setFramesTime: 0.1
    file: {fileID: 11400000, guid: 37a2ada37aaabe04489282dc99d91aa7, type: 2}
  - animationName: spawn
    animation:
      speedRatio: 1
      loop: 1
      frameToLoop: 0
      frameDatas:
      - sprite: {fileID: -6134108191257188524, guid: ca7b7c36b8982c342a207907f96e0cf2,
          type: 3}
        time: 0.06
        eventEnabled: 0
        eventName: 
      - sprite: {fileID: 1831274321215092139, guid: ca7b7c36b8982c342a207907f96e0cf2,
          type: 3}
        time: 0.06
        eventEnabled: 0
        eventName: 
      - sprite: {fileID: 4992328652491378597, guid: ca7b7c36b8982c342a207907f96e0cf2,
          type: 3}
        time: 0.06
        eventEnabled: 0
        eventName: 
      - sprite: {fileID: -5432548201433796304, guid: ca7b7c36b8982c342a207907f96e0cf2,
          type: 3}
        time: 0.06
        eventEnabled: 0
        eventName: 
      - sprite: {fileID: 6324865508241380624, guid: ca7b7c36b8982c342a207907f96e0cf2,
          type: 3}
        time: 0.06
        eventEnabled: 0
        eventName: 
      - sprite: {fileID: 2530673829445564970, guid: ca7b7c36b8982c342a207907f96e0cf2,
          type: 3}
        time: 0.06
        eventEnabled: 0
        eventName: 
      - sprite: {fileID: -403097923139718959, guid: ca7b7c36b8982c342a207907f96e0cf2,
          type: 3}
        time: 0.06
        eventEnabled: 0
        eventName: 
      - sprite: {fileID: 5241995353427306186, guid: ca7b7c36b8982c342a207907f96e0cf2,
          type: 3}
        time: 0.06
        eventEnabled: 0
        eventName: 
      - sprite: {fileID: 4023847847365678014, guid: ca7b7c36b8982c342a207907f96e0cf2,
          type: 3}
        time: 0.06
        eventEnabled: 0
        eventName: 
      - sprite: {fileID: 3999392516577299064, guid: ca7b7c36b8982c342a207907f96e0cf2,
          type: 3}
        time: 0.06
        eventEnabled: 0
        eventName: 
      - sprite: {fileID: 1248354670337582883, guid: ca7b7c36b8982c342a207907f96e0cf2,
          type: 3}
        time: 0.06
        eventEnabled: 0
        eventName: 
      name: spawn
      selectedIndex: 0
      newFramesTime: 0.05
      setFramesTime: 0.1
    file: {fileID: 11400000, guid: 37a2ada37aaabe04489282dc99d91aa7, type: 2}
  animationAsset: {fileID: 11400000, guid: 37a2ada37aaabe04489282dc99d91aa7, type: 2}
  mode: 0
--- !u!1 &5448273751833810702
GameObject:
  m_ObjectHideFlags: 0
  m_CorrespondingSourceObject: {fileID: 0}
  m_PrefabInstance: {fileID: 0}
  m_PrefabAsset: {fileID: 0}
  serializedVersion: 6
  m_Component:
  - component: {fileID: 5491078686685307165}
  - component: {fileID: 6047959341365517422}
  - component: {fileID: 5987186815532663193}
  - component: {fileID: 5270865153026855176}
  - component: {fileID: 6070903121851800545}
  m_Layer: 5
  m_Name: LifestealFront
  m_TagString: Untagged
  m_Icon: {fileID: 0}
  m_NavMeshLayer: 0
  m_StaticEditorFlags: 0
  m_IsActive: 0
--- !u!224 &5491078686685307165
RectTransform:
  m_ObjectHideFlags: 0
  m_CorrespondingSourceObject: {fileID: 0}
  m_PrefabInstance: {fileID: 0}
  m_PrefabAsset: {fileID: 0}
  m_GameObject: {fileID: 5448273751833810702}
  m_LocalRotation: {x: 0, y: 0, z: 0, w: 1}
  m_LocalPosition: {x: 0, y: 0, z: 0}
  m_LocalScale: {x: 1, y: 1, z: 1}
  m_Children: []
  m_Father: {fileID: 4079672539545979721}
  m_RootOrder: 1
  m_LocalEulerAnglesHint: {x: 0, y: 0, z: 0}
  m_AnchorMin: {x: 0.5, y: 0.5}
  m_AnchorMax: {x: 0.5, y: 0.5}
  m_AnchoredPosition: {x: 1, y: 8}
  m_SizeDelta: {x: 128, y: 128}
  m_Pivot: {x: 0.5, y: 0.5}
--- !u!222 &6047959341365517422
CanvasRenderer:
  m_ObjectHideFlags: 0
  m_CorrespondingSourceObject: {fileID: 0}
  m_PrefabInstance: {fileID: 0}
  m_PrefabAsset: {fileID: 0}
  m_GameObject: {fileID: 5448273751833810702}
  m_CullTransparentMesh: 1
--- !u!114 &5987186815532663193
MonoBehaviour:
  m_ObjectHideFlags: 0
  m_CorrespondingSourceObject: {fileID: 0}
  m_PrefabInstance: {fileID: 0}
  m_PrefabAsset: {fileID: 0}
  m_GameObject: {fileID: 5448273751833810702}
  m_Enabled: 1
  m_EditorHideFlags: 0
  m_Script: {fileID: 11500000, guid: fe87c0e1cc204ed48ad3b37840f39efc, type: 3}
  m_Name: 
  m_EditorClassIdentifier: 
  m_Material: {fileID: 0}
  m_Color: {r: 1, g: 1, b: 1, a: 1}
  m_RaycastTarget: 0
  m_RaycastPadding: {x: 0, y: 0, z: 0, w: 0}
  m_Maskable: 0
  m_OnCullStateChanged:
    m_PersistentCalls:
      m_Calls: []
  m_Sprite: {fileID: 6610941679403975819, guid: 7c69b9cdd089f3d48b0e47ba30b2ddec,
    type: 3}
  m_Type: 0
  m_PreserveAspect: 0
  m_FillCenter: 1
  m_FillMethod: 4
  m_FillAmount: 1
  m_FillClockwise: 1
  m_FillOrigin: 0
  m_UseSpriteMesh: 0
  m_PixelsPerUnitMultiplier: 1
--- !u!225 &5270865153026855176
CanvasGroup:
  m_ObjectHideFlags: 0
  m_CorrespondingSourceObject: {fileID: 0}
  m_PrefabInstance: {fileID: 0}
  m_PrefabAsset: {fileID: 0}
  m_GameObject: {fileID: 5448273751833810702}
  m_Enabled: 1
  m_Alpha: 1
  m_Interactable: 0
  m_BlocksRaycasts: 0
  m_IgnoreParentGroups: 0
--- !u!114 &6070903121851800545
MonoBehaviour:
  m_ObjectHideFlags: 0
  m_CorrespondingSourceObject: {fileID: 0}
  m_PrefabInstance: {fileID: 0}
  m_PrefabAsset: {fileID: 0}
  m_GameObject: {fileID: 5448273751833810702}
  m_Enabled: 1
  m_EditorHideFlags: 0
  m_Script: {fileID: 11500000, guid: 88fb3ea51bb752b49abd5037a4f40f6a, type: 3}
  m_Name: 
  m_EditorClassIdentifier: 
  playing: 0
  paused: 0
  timer: 0
  animIdx: -1
  currentIdx: 0
  speedRatio: 1
  playFrom: 0
  overrideTimeScale: 0
  timeScaleOverride: 0
  list:
  - animationName: idle
    animation:
      speedRatio: 1
      loop: 1
      frameToLoop: 0
      frameDatas:
      - sprite: {fileID: 6610941679403975819, guid: 7c69b9cdd089f3d48b0e47ba30b2ddec,
          type: 3}
        time: 0.06
        eventEnabled: 0
        eventName: 
      - sprite: {fileID: -4655126618042331249, guid: 7c69b9cdd089f3d48b0e47ba30b2ddec,
          type: 3}
        time: 0.06
        eventEnabled: 0
        eventName: 
      - sprite: {fileID: -7769877717516707947, guid: 7c69b9cdd089f3d48b0e47ba30b2ddec,
          type: 3}
        time: 0.06
        eventEnabled: 0
        eventName: 
      - sprite: {fileID: 3674629898519421437, guid: 7c69b9cdd089f3d48b0e47ba30b2ddec,
          type: 3}
        time: 0.06
        eventEnabled: 0
        eventName: 
      - sprite: {fileID: 5732434064825138160, guid: 7c69b9cdd089f3d48b0e47ba30b2ddec,
          type: 3}
        time: 0.06
        eventEnabled: 0
        eventName: 
      - sprite: {fileID: -8019635090098687735, guid: 7c69b9cdd089f3d48b0e47ba30b2ddec,
          type: 3}
        time: 0.06
        eventEnabled: 0
        eventName: 
      - sprite: {fileID: 2922543961517848692, guid: 7c69b9cdd089f3d48b0e47ba30b2ddec,
          type: 3}
        time: 0.06
        eventEnabled: 0
        eventName: 
      - sprite: {fileID: -4521288396635419372, guid: 7c69b9cdd089f3d48b0e47ba30b2ddec,
          type: 3}
        time: 0.06
        eventEnabled: 0
        eventName: 
      - sprite: {fileID: 6514549645030593371, guid: 7c69b9cdd089f3d48b0e47ba30b2ddec,
          type: 3}
        time: 0.06
        eventEnabled: 0
        eventName: 
      name: idle
      selectedIndex: 0
      newFramesTime: 0.05
      setFramesTime: 0.1
    file: {fileID: 11400000, guid: dcbea5ac961751e4197a5cc356bb3407, type: 2}
  - animationName: spawn
    animation:
      speedRatio: 1
      loop: 1
      frameToLoop: 0
      frameDatas:
      - sprite: {fileID: 6104451062361702064, guid: 706da1f458381234aa5776b0b32f52de,
          type: 3}
        time: 0.06
        eventEnabled: 0
        eventName: 
      - sprite: {fileID: 3734113584872277445, guid: 706da1f458381234aa5776b0b32f52de,
          type: 3}
        time: 0.06
        eventEnabled: 0
        eventName: 
      - sprite: {fileID: -8049112866647968962, guid: 706da1f458381234aa5776b0b32f52de,
          type: 3}
        time: 0.06
        eventEnabled: 0
        eventName: 
      - sprite: {fileID: -6124264867355150589, guid: 706da1f458381234aa5776b0b32f52de,
          type: 3}
        time: 0.06
        eventEnabled: 0
        eventName: 
      - sprite: {fileID: -1527754454131607157, guid: 706da1f458381234aa5776b0b32f52de,
          type: 3}
        time: 0.06
        eventEnabled: 0
        eventName: 
      - sprite: {fileID: -2136111750594593162, guid: 706da1f458381234aa5776b0b32f52de,
          type: 3}
        time: 0.06
        eventEnabled: 0
        eventName: 
      - sprite: {fileID: -402640516011640570, guid: 706da1f458381234aa5776b0b32f52de,
          type: 3}
        time: 0.06
        eventEnabled: 0
        eventName: 
      - sprite: {fileID: -3317028799387062085, guid: 706da1f458381234aa5776b0b32f52de,
          type: 3}
        time: 0.06
        eventEnabled: 0
        eventName: 
      - sprite: {fileID: -6215478319378047977, guid: 706da1f458381234aa5776b0b32f52de,
          type: 3}
        time: 0.06
        eventEnabled: 0
        eventName: 
      - sprite: {fileID: 7361531532703749768, guid: 706da1f458381234aa5776b0b32f52de,
          type: 3}
        time: 0.06
        eventEnabled: 0
        eventName: 
      - sprite: {fileID: -3925123687447210822, guid: 706da1f458381234aa5776b0b32f52de,
          type: 3}
        time: 0.06
        eventEnabled: 0
        eventName: 
      name: spawn
      selectedIndex: 0
      newFramesTime: 0.05
      setFramesTime: 0.1
    file: {fileID: 11400000, guid: dcbea5ac961751e4197a5cc356bb3407, type: 2}
  animationAsset: {fileID: 11400000, guid: dcbea5ac961751e4197a5cc356bb3407, type: 2}
  mode: 0
