%YAML 1.1
%TAG !u! tag:unity3d.com,2011:
--- !u!1 &6076342632212720221
GameObject:
  m_ObjectHideFlags: 0
  m_CorrespondingSourceObject: {fileID: 0}
  m_PrefabInstance: {fileID: 0}
  m_PrefabAsset: {fileID: 0}
  serializedVersion: 6
  m_Component:
  - component: {fileID: 1220018244278380482}
  - component: {fileID: 6748024928735268352}
  - component: {fileID: 8048945041806616989}
  - component: {fileID: 2465480908481556634}
  m_Layer: 5
  m_Name: Cannon
  m_TagString: Untagged
  m_Icon: {fileID: 0}
  m_NavMeshLayer: 0
  m_StaticEditorFlags: 0
  m_IsActive: 0
--- !u!224 &1220018244278380482
RectTransform:
  m_ObjectHideFlags: 0
  m_CorrespondingSourceObject: {fileID: 0}
  m_PrefabInstance: {fileID: 0}
  m_PrefabAsset: {fileID: 0}
  m_GameObject: {fileID: 6076342632212720221}
  m_LocalRotation: {x: 0, y: 0, z: 0, w: 1}
  m_LocalPosition: {x: 0, y: 0, z: 0}
  m_LocalScale: {x: 1, y: 1, z: 1}
  m_Children: []
  m_Father: {fileID: 918341014301612461}
  m_RootOrder: 1
  m_LocalEulerAnglesHint: {x: 0, y: 0, z: 0}
  m_AnchorMin: {x: 0.5, y: 0.5}
  m_AnchorMax: {x: 0.5, y: 0.5}
  m_AnchoredPosition: {x: 0, y: 0}
  m_SizeDelta: {x: 73, y: 54}
  m_Pivot: {x: 0.5, y: 0.5}
--- !u!222 &6748024928735268352
CanvasRenderer:
  m_ObjectHideFlags: 0
  m_CorrespondingSourceObject: {fileID: 0}
  m_PrefabInstance: {fileID: 0}
  m_PrefabAsset: {fileID: 0}
  m_GameObject: {fileID: 6076342632212720221}
  m_CullTransparentMesh: 1
--- !u!114 &8048945041806616989
MonoBehaviour:
  m_ObjectHideFlags: 0
  m_CorrespondingSourceObject: {fileID: 0}
  m_PrefabInstance: {fileID: 0}
  m_PrefabAsset: {fileID: 0}
  m_GameObject: {fileID: 6076342632212720221}
  m_Enabled: 1
  m_EditorHideFlags: 0
  m_Script: {fileID: 11500000, guid: fe87c0e1cc204ed48ad3b37840f39efc, type: 3}
  m_Name: 
  m_EditorClassIdentifier: 
  m_Material: {fileID: 0}
  m_Color: {r: 1, g: 1, b: 1, a: 1}
  m_RaycastTarget: 0
  m_RaycastPadding: {x: 0, y: 0, z: 0, w: 0}
  m_Maskable: 0
  m_OnCullStateChanged:
    m_PersistentCalls:
      m_Calls: []
  m_Sprite: {fileID: 5508283945260523039, guid: 7764c9b5fc65a42308fcf5a6cb32c16c,
    type: 3}
  m_Type: 0
  m_PreserveAspect: 0
  m_FillCenter: 1
  m_FillMethod: 4
  m_FillAmount: 1
  m_FillClockwise: 1
  m_FillOrigin: 0
  m_UseSpriteMesh: 0
  m_PixelsPerUnitMultiplier: 1
--- !u!114 &2465480908481556634
MonoBehaviour:
  m_ObjectHideFlags: 0
  m_CorrespondingSourceObject: {fileID: 0}
  m_PrefabInstance: {fileID: 0}
  m_PrefabAsset: {fileID: 0}
  m_GameObject: {fileID: 6076342632212720221}
  m_Enabled: 1
  m_EditorHideFlags: 0
  m_Script: {fileID: 11500000, guid: 88fb3ea51bb752b49abd5037a4f40f6a, type: 3}
  m_Name: 
  m_EditorClassIdentifier: 
  playing: 0
  paused: 0
  timer: 0
  animIdx: -1
  currentIdx: 0
  speedRatio: 1
  playFrom: 0
  overrideTimeScale: 0
  timeScaleOverride: 0
  list:
  - animationName: bottom
    animation:
      speedRatio: 1
      loop: 0
      frameToLoop: 0
      frameDatas:
      - sprite: {fileID: -6235116668443494200, guid: 7764c9b5fc65a42308fcf5a6cb32c16c,
          type: 3}
        time: 0.06
        eventEnabled: 0
        eventName: 
      - sprite: {fileID: 5088767328558079804, guid: 7764c9b5fc65a42308fcf5a6cb32c16c,
          type: 3}
        time: 0.06
        eventEnabled: 0
        eventName: 
      - sprite: {fileID: 3081197805469468712, guid: 7764c9b5fc65a42308fcf5a6cb32c16c,
          type: 3}
        time: 0.06
        eventEnabled: 0
        eventName: 
      - sprite: {fileID: 4304165553931037186, guid: 7764c9b5fc65a42308fcf5a6cb32c16c,
          type: 3}
        time: 0.06
        eventEnabled: 0
        eventName: 
      - sprite: {fileID: -5443838749014144067, guid: 7764c9b5fc65a42308fcf5a6cb32c16c,
          type: 3}
        time: 0.06
        eventEnabled: 0
        eventName: 
      - sprite: {fileID: 5508283945260523039, guid: 7764c9b5fc65a42308fcf5a6cb32c16c,
          type: 3}
        time: 0.06
        eventEnabled: 0
        eventName: 
      name: bottom
      selectedIndex: 0
      newFramesTime: 0.05
      setFramesTime: 0.1
    file: {fileID: 11400000, guid: 4b4e23a17b0d14f40b2f733368bd354d, type: 2}
  - animationName: top
    animation:
      speedRatio: 1
      loop: 0
      frameToLoop: 0
      frameDatas:
      - sprite: {fileID: 2380833095004481647, guid: d42ad521395e64297a023a14828e0cd2,
          type: 3}
        time: 0.06
        eventEnabled: 0
        eventName: 
      - sprite: {fileID: -2129176090414957154, guid: d42ad521395e64297a023a14828e0cd2,
          type: 3}
        time: 0.06
        eventEnabled: 0
        eventName: 
      - sprite: {fileID: 6139064818154165004, guid: d42ad521395e64297a023a14828e0cd2,
          type: 3}
        time: 0.06
        eventEnabled: 0
        eventName: 
      - sprite: {fileID: 1200089816909183794, guid: d42ad521395e64297a023a14828e0cd2,
          type: 3}
        time: 0.06
        eventEnabled: 0
        eventName: 
      - sprite: {fileID: 4639704295970705045, guid: d42ad521395e64297a023a14828e0cd2,
          type: 3}
        time: 0.06
        eventEnabled: 0
        eventName: 
      - sprite: {fileID: -2073304807073135237, guid: d42ad521395e64297a023a14828e0cd2,
          type: 3}
        time: 0.06
        eventEnabled: 0
        eventName: 
      name: top
      selectedIndex: 0
      newFramesTime: 0.05
      setFramesTime: 0.1
    file: {fileID: 11400000, guid: 4b4e23a17b0d14f40b2f733368bd354d, type: 2}
  animationAsset: {fileID: 11400000, guid: 4b4e23a17b0d14f40b2f733368bd354d, type: 2}
  mode: 0
--- !u!1 &6391843804516792432
GameObject:
  m_ObjectHideFlags: 0
  m_CorrespondingSourceObject: {fileID: 0}
  m_PrefabInstance: {fileID: 0}
  m_PrefabAsset: {fileID: 0}
  serializedVersion: 6
  m_Component:
  - component: {fileID: 918341014301612461}
  - component: {fileID: 1148980584922383607}
  m_Layer: 5
  m_Name: RedwingRaidCannonBottom
  m_TagString: Untagged
  m_Icon: {fileID: 0}
  m_NavMeshLayer: 0
  m_StaticEditorFlags: 0
  m_IsActive: 1
--- !u!224 &918341014301612461
RectTransform:
  m_ObjectHideFlags: 0
  m_CorrespondingSourceObject: {fileID: 0}
  m_PrefabInstance: {fileID: 0}
  m_PrefabAsset: {fileID: 0}
  m_GameObject: {fileID: 6391843804516792432}
  m_LocalRotation: {x: 0, y: 0, z: 0, w: 1}
  m_LocalPosition: {x: 0, y: 0, z: 0}
  m_LocalScale: {x: 1, y: 1, z: 1}
  m_Children:
  - {fileID: 6509658931763735246}
  - {fileID: 1220018244278380482}
  m_Father: {fileID: 0}
  m_RootOrder: 0
  m_LocalEulerAnglesHint: {x: 0, y: 0, z: 0}
  m_AnchorMin: {x: 0, y: 0}
  m_AnchorMax: {x: 0, y: 0}
  m_AnchoredPosition: {x: 0, y: 0}
  m_SizeDelta: {x: 73, y: 54}
  m_Pivot: {x: 0.5, y: 0.5}
--- !u!114 &1148980584922383607
MonoBehaviour:
  m_ObjectHideFlags: 0
  m_CorrespondingSourceObject: {fileID: 0}
  m_PrefabInstance: {fileID: 0}
  m_PrefabAsset: {fileID: 0}
  m_GameObject: {fileID: 6391843804516792432}
  m_Enabled: 1
  m_EditorHideFlags: 0
  m_Script: {fileID: 11500000, guid: 1ca0f8b18b7048e19e463ccf176ba9c7, type: 3}
  m_Name: 
  m_EditorClassIdentifier: 
  direction: bottom
  animator: {fileID: 2465480908481556634}
  burst: {fileID: 8268477935435342645}
--- !u!1 &6524095383308142370
GameObject:
  m_ObjectHideFlags: 0
  m_CorrespondingSourceObject: {fileID: 0}
  m_PrefabInstance: {fileID: 0}
  m_PrefabAsset: {fileID: 0}
  serializedVersion: 6
  m_Component:
  - component: {fileID: 6509658931763735246}
  - component: {fileID: 525186333568348652}
  - component: {fileID: 8692593281412772296}
  - component: {fileID: 8268477935435342645}
  m_Layer: 5
  m_Name: SmokeBurst
  m_TagString: Untagged
  m_Icon: {fileID: 0}
  m_NavMeshLayer: 0
  m_StaticEditorFlags: 0
  m_IsActive: 0
--- !u!224 &6509658931763735246
RectTransform:
  m_ObjectHideFlags: 0
  m_CorrespondingSourceObject: {fileID: 0}
  m_PrefabInstance: {fileID: 0}
  m_PrefabAsset: {fileID: 0}
  m_GameObject: {fileID: 6524095383308142370}
  m_LocalRotation: {x: 0, y: 0, z: 0, w: 1}
  m_LocalPosition: {x: 0, y: 0, z: 0}
  m_LocalScale: {x: 1, y: 1, z: 1}
  m_Children: []
  m_Father: {fileID: 918341014301612461}
  m_RootOrder: 0
  m_LocalEulerAnglesHint: {x: 0, y: 0, z: 0}
  m_AnchorMin: {x: 0.5, y: 0.5}
  m_AnchorMax: {x: 0.5, y: 0.5}
  m_AnchoredPosition: {x: 0, y: 50}
  m_SizeDelta: {x: 128, y: 128}
  m_Pivot: {x: 0.5, y: 0.5}
--- !u!222 &525186333568348652
CanvasRenderer:
  m_ObjectHideFlags: 0
  m_CorrespondingSourceObject: {fileID: 0}
  m_PrefabInstance: {fileID: 0}
  m_PrefabAsset: {fileID: 0}
  m_GameObject: {fileID: 6524095383308142370}
  m_CullTransparentMesh: 1
--- !u!114 &8692593281412772296
MonoBehaviour:
  m_ObjectHideFlags: 0
  m_CorrespondingSourceObject: {fileID: 0}
  m_PrefabInstance: {fileID: 0}
  m_PrefabAsset: {fileID: 0}
  m_GameObject: {fileID: 6524095383308142370}
  m_Enabled: 1
  m_EditorHideFlags: 0
  m_Script: {fileID: 11500000, guid: fe87c0e1cc204ed48ad3b37840f39efc, type: 3}
  m_Name: 
  m_EditorClassIdentifier: 
  m_Material: {fileID: 0}
  m_Color: {r: 1, g: 1, b: 1, a: 1}
  m_RaycastTarget: 0
  m_RaycastPadding: {x: 0, y: 0, z: 0, w: 0}
  m_Maskable: 0
  m_OnCullStateChanged:
    m_PersistentCalls:
      m_Calls: []
  m_Sprite: {fileID: 1325415737557119313, guid: 68f2d7d21ad68409bab3039f190d9a43,
    type: 3}
  m_Type: 0
  m_PreserveAspect: 0
  m_FillCenter: 1
  m_FillMethod: 4
  m_FillAmount: 1
  m_FillClockwise: 1
  m_FillOrigin: 0
  m_UseSpriteMesh: 0
  m_PixelsPerUnitMultiplier: 1
--- !u!114 &8268477935435342645
MonoBehaviour:
  m_ObjectHideFlags: 0
  m_CorrespondingSourceObject: {fileID: 0}
  m_PrefabInstance: {fileID: 0}
  m_PrefabAsset: {fileID: 0}
  m_GameObject: {fileID: 6524095383308142370}
  m_Enabled: 1
  m_EditorHideFlags: 0
  m_Script: {fileID: 11500000, guid: 88fb3ea51bb752b49abd5037a4f40f6a, type: 3}
  m_Name: 
  m_EditorClassIdentifier: 
  playing: 0
  paused: 0
  timer: 0
  animIdx: -1
  currentIdx: 0
  speedRatio: 1
  playFrom: 0
  overrideTimeScale: 0
  timeScaleOverride: 0
  list:
  - animationName: smoke-burst
    animation:
      speedRatio: 1
      loop: 0
      frameToLoop: 0
      frameDatas:
      - sprite: {fileID: 1325415737557119313, guid: 68f2d7d21ad68409bab3039f190d9a43,
          type: 3}
        time: 0.04
        eventEnabled: 0
        eventName: 
      - sprite: {fileID: -7250245337421405698, guid: 68f2d7d21ad68409bab3039f190d9a43,
          type: 3}
        time: 0.04
        eventEnabled: 0
        eventName: 
      - sprite: {fileID: -5004407673026847110, guid: 68f2d7d21ad68409bab3039f190d9a43,
          type: 3}
        time: 0.04
        eventEnabled: 0
        eventName: 
      - sprite: {fileID: -7209202861430067148, guid: 68f2d7d21ad68409bab3039f190d9a43,
          type: 3}
        time: 0.04
        eventEnabled: 0
        eventName: 
      - sprite: {fileID: 5958671334284626702, guid: 68f2d7d21ad68409bab3039f190d9a43,
          type: 3}
        time: 0.04
        eventEnabled: 0
        eventName: 
      - sprite: {fileID: -7605295203736471804, guid: 68f2d7d21ad68409bab3039f190d9a43,
          type: 3}
        time: 0.04
        eventEnabled: 0
        eventName: 
      - sprite: {fileID: -5673828717827922012, guid: 68f2d7d21ad68409bab3039f190d9a43,
          type: 3}
        time: 0.04
        eventEnabled: 0
        eventName: 
      - sprite: {fileID: -1949748069143852285, guid: 68f2d7d21ad68409bab3039f190d9a43,
          type: 3}
        time: 0.04
        eventEnabled: 0
        eventName: 
      - sprite: {fileID: 3367263802230482966, guid: 68f2d7d21ad68409bab3039f190d9a43,
          type: 3}
        time: 0.04
        eventEnabled: 0
        eventName: 
      - sprite: {fileID: 3305050174339796484, guid: 68f2d7d21ad68409bab3039f190d9a43,
          type: 3}
        time: 0.04
        eventEnabled: 0
        eventName: 
      name: smoke-burst
      selectedIndex: 9
      newFramesTime: 0.05
      setFramesTime: 0.1
    file: {fileID: 11400000, guid: 902c4a682cc4ec6429a6e86bc0e8c3e7, type: 2}
  animationAsset: {fileID: 11400000, guid: 902c4a682cc4ec6429a6e86bc0e8c3e7, type: 2}
  mode: 0
