%YAML 1.1
%TAG !u! tag:unity3d.com,2011:
--- !u!1 &2079714626972653977
GameObject:
  m_ObjectHideFlags: 0
  m_CorrespondingSourceObject: {fileID: 0}
  m_PrefabInstance: {fileID: 0}
  m_PrefabAsset: {fileID: 0}
  serializedVersion: 6
  m_Component:
  - component: {fileID: 8946669486290297898}
  - component: {fileID: 8360628392030342001}
  - component: {fileID: 7292198344429971194}
  - component: {fileID: 7848893502601992673}
  m_Layer: 5
  m_Name: Animator
  m_TagString: Untagged
  m_Icon: {fileID: 0}
  m_NavMeshLayer: 0
  m_StaticEditorFlags: 0
  m_IsActive: 1
--- !u!224 &8946669486290297898
RectTransform:
  m_ObjectHideFlags: 0
  m_CorrespondingSourceObject: {fileID: 0}
  m_PrefabInstance: {fileID: 0}
  m_PrefabAsset: {fileID: 0}
  m_GameObject: {fileID: 2079714626972653977}
  m_LocalRotation: {x: 0, y: 0, z: 0, w: 1}
  m_LocalPosition: {x: 0, y: 0, z: 0}
  m_LocalScale: {x: 1, y: 1, z: 1}
  m_Children: []
  m_Father: {fileID: 6401352801706260035}
  m_RootOrder: 0
  m_LocalEulerAnglesHint: {x: 0, y: 0, z: 0}
  m_AnchorMin: {x: 0.5, y: 0.5}
  m_AnchorMax: {x: 0.5, y: 0.5}
  m_AnchoredPosition: {x: 0, y: 0}
  m_SizeDelta: {x: 64, y: 64}
  m_Pivot: {x: 0.5, y: 0.5}
--- !u!222 &8360628392030342001
CanvasRenderer:
  m_ObjectHideFlags: 0
  m_CorrespondingSourceObject: {fileID: 0}
  m_PrefabInstance: {fileID: 0}
  m_PrefabAsset: {fileID: 0}
  m_GameObject: {fileID: 2079714626972653977}
  m_CullTransparentMesh: 1
--- !u!114 &7292198344429971194
MonoBehaviour:
  m_ObjectHideFlags: 0
  m_CorrespondingSourceObject: {fileID: 0}
  m_PrefabInstance: {fileID: 0}
  m_PrefabAsset: {fileID: 0}
  m_GameObject: {fileID: 2079714626972653977}
  m_Enabled: 1
  m_EditorHideFlags: 0
  m_Script: {fileID: 11500000, guid: fe87c0e1cc204ed48ad3b37840f39efc, type: 3}
  m_Name: 
  m_EditorClassIdentifier: 
  m_Material: {fileID: 0}
  m_Color: {r: 1, g: 1, b: 1, a: 1}
  m_RaycastTarget: 0
  m_RaycastPadding: {x: 0, y: 0, z: 0, w: 0}
  m_Maskable: 0
  m_OnCullStateChanged:
    m_PersistentCalls:
      m_Calls: []
  m_Sprite: {fileID: 7817008582596598721, guid: 388f3b20a727842f68095edd4e07a4fb,
    type: 3}
  m_Type: 0
  m_PreserveAspect: 0
  m_FillCenter: 1
  m_FillMethod: 4
  m_FillAmount: 1
  m_FillClockwise: 1
  m_FillOrigin: 0
  m_UseSpriteMesh: 0
  m_PixelsPerUnitMultiplier: 1
--- !u!114 &7848893502601992673
MonoBehaviour:
  m_ObjectHideFlags: 0
  m_CorrespondingSourceObject: {fileID: 0}
  m_PrefabInstance: {fileID: 0}
  m_PrefabAsset: {fileID: 0}
  m_GameObject: {fileID: 2079714626972653977}
  m_Enabled: 1
  m_EditorHideFlags: 0
  m_Script: {fileID: 11500000, guid: 88fb3ea51bb752b49abd5037a4f40f6a, type: 3}
  m_Name: 
  m_EditorClassIdentifier: 
  playing: 0
  paused: 0
  timer: 0
  animIdx: -1
  currentIdx: 0
  speedRatio: 1
  playFrom: 0
  overrideTimeScale: 0
  timeScaleOverride: 0
  list:
  - animationName: glob-explode
    animation:
      speedRatio: 1
      loop: 1
      frameToLoop: 0
      frameDatas:
      - sprite: {fileID: 8548207952407153996, guid: 2da498894edb0401ab6ba0c4f024f1d6,
          type: 3}
        time: 0.04
        eventEnabled: 0
        eventName: 
      - sprite: {fileID: 7911611030791380986, guid: 2da498894edb0401ab6ba0c4f024f1d6,
          type: 3}
        time: 0.04
        eventEnabled: 0
        eventName: 
      - sprite: {fileID: -7952638607870480846, guid: 2da498894edb0401ab6ba0c4f024f1d6,
          type: 3}
        time: 0.04
        eventEnabled: 0
        eventName: 
      - sprite: {fileID: -957473976814483506, guid: 2da498894edb0401ab6ba0c4f024f1d6,
          type: 3}
        time: 0.04
        eventEnabled: 0
        eventName: 
      - sprite: {fileID: 5177270897155569455, guid: 2da498894edb0401ab6ba0c4f024f1d6,
          type: 3}
        time: 0.04
        eventEnabled: 0
        eventName: 
      - sprite: {fileID: 8240004040244179662, guid: 2da498894edb0401ab6ba0c4f024f1d6,
          type: 3}
        time: 0.04
        eventEnabled: 0
        eventName: 
      - sprite: {fileID: -5073647258389898062, guid: 2da498894edb0401ab6ba0c4f024f1d6,
          type: 3}
        time: 0.04
        eventEnabled: 0
        eventName: 
      - sprite: {fileID: -5849417652758298593, guid: 2da498894edb0401ab6ba0c4f024f1d6,
          type: 3}
        time: 0.04
        eventEnabled: 0
        eventName: 
      - sprite: {fileID: -3929736234813870010, guid: 2da498894edb0401ab6ba0c4f024f1d6,
          type: 3}
        time: 0.04
        eventEnabled: 0
        eventName: 
      - sprite: {fileID: -2575279517394662692, guid: 2da498894edb0401ab6ba0c4f024f1d6,
          type: 3}
        time: 0.04
        eventEnabled: 0
        eventName: 
      name: glob-explode
      selectedIndex: 0
      newFramesTime: 0.05
      setFramesTime: 0.1
    file: {fileID: 11400000, guid: 1a9702de6cd814f1fb4f0b88313d3951, type: 2}
  - animationName: glob-idle
    animation:
      speedRatio: 1
      loop: 1
      frameToLoop: 0
      frameDatas:
      - sprite: {fileID: 7817008582596598721, guid: 388f3b20a727842f68095edd4e07a4fb,
          type: 3}
        time: 0.3
        eventEnabled: 0
        eventName: 
      - sprite: {fileID: -558826957538231799, guid: 388f3b20a727842f68095edd4e07a4fb,
          type: 3}
        time: 0.06
        eventEnabled: 0
        eventName: 
      - sprite: {fileID: -4979972817003433688, guid: 388f3b20a727842f68095edd4e07a4fb,
          type: 3}
        time: 0.06
        eventEnabled: 0
        eventName: 
      - sprite: {fileID: -1541683913078447623, guid: 388f3b20a727842f68095edd4e07a4fb,
          type: 3}
        time: 0.06
        eventEnabled: 0
        eventName: 
      - sprite: {fileID: -2859327276547133855, guid: 388f3b20a727842f68095edd4e07a4fb,
          type: 3}
        time: 0.06
        eventEnabled: 0
        eventName: 
      - sprite: {fileID: 2263650596613239347, guid: 388f3b20a727842f68095edd4e07a4fb,
          type: 3}
        time: 0.06
        eventEnabled: 0
        eventName: 
      - sprite: {fileID: 2286216949893874747, guid: 388f3b20a727842f68095edd4e07a4fb,
          type: 3}
        time: 0.06
        eventEnabled: 0
        eventName: 
      - sprite: {fileID: 2837807643560768634, guid: 388f3b20a727842f68095edd4e07a4fb,
          type: 3}
        time: 0.06
        eventEnabled: 0
        eventName: 
      - sprite: {fileID: -1854137049658269103, guid: 388f3b20a727842f68095edd4e07a4fb,
          type: 3}
        time: 0.06
        eventEnabled: 0
        eventName: 
      - sprite: {fileID: -5155703453828951941, guid: 388f3b20a727842f68095edd4e07a4fb,
          type: 3}
        time: 0.06
        eventEnabled: 0
        eventName: 
      - sprite: {fileID: -7097166675772247674, guid: 388f3b20a727842f68095edd4e07a4fb,
          type: 3}
        time: 0.06
        eventEnabled: 0
        eventName: 
      - sprite: {fileID: -7094848212167423713, guid: 388f3b20a727842f68095edd4e07a4fb,
          type: 3}
        time: 0.06
        eventEnabled: 0
        eventName: 
      - sprite: {fileID: 4141669555881122196, guid: 388f3b20a727842f68095edd4e07a4fb,
          type: 3}
        time: 0.06
        eventEnabled: 0
        eventName: 
      - sprite: {fileID: 4724265806671816172, guid: 388f3b20a727842f68095edd4e07a4fb,
          type: 3}
        time: 0.06
        eventEnabled: 0
        eventName: 
      - sprite: {fileID: 556933736411030398, guid: 388f3b20a727842f68095edd4e07a4fb,
          type: 3}
        time: 0.06
        eventEnabled: 0
        eventName: 
      name: glob-idle
      selectedIndex: 0
      newFramesTime: 0.05
      setFramesTime: 0.1
    file: {fileID: 11400000, guid: 1a9702de6cd814f1fb4f0b88313d3951, type: 2}
  - animationName: glob-spawn
    animation:
      speedRatio: 1
      loop: 1
      frameToLoop: 0
      frameDatas:
      - sprite: {fileID: 4196156982890431448, guid: 1d9a7421591b046e094cd42dff5c53ca,
          type: 3}
        time: 0.06
        eventEnabled: 0
        eventName: 
      - sprite: {fileID: 9135861726841062600, guid: 1d9a7421591b046e094cd42dff5c53ca,
          type: 3}
        time: 0.06
        eventEnabled: 0
        eventName: 
      - sprite: {fileID: -603768746233213219, guid: 1d9a7421591b046e094cd42dff5c53ca,
          type: 3}
        time: 0.06
        eventEnabled: 0
        eventName: 
      - sprite: {fileID: -7205020850890558362, guid: 1d9a7421591b046e094cd42dff5c53ca,
          type: 3}
        time: 0.06
        eventEnabled: 0
        eventName: 
      - sprite: {fileID: -2031608495603057055, guid: 1d9a7421591b046e094cd42dff5c53ca,
          type: 3}
        time: 0.06
        eventEnabled: 0
        eventName: 
      - sprite: {fileID: -1246316946056986077, guid: 1d9a7421591b046e094cd42dff5c53ca,
          type: 3}
        time: 0.06
        eventEnabled: 0
        eventName: 
      - sprite: {fileID: 4405874547485515314, guid: 1d9a7421591b046e094cd42dff5c53ca,
          type: 3}
        time: 0.06
        eventEnabled: 0
        eventName: 
      - sprite: {fileID: 7146772801994513448, guid: 1d9a7421591b046e094cd42dff5c53ca,
          type: 3}
        time: 0.06
        eventEnabled: 0
        eventName: 
      - sprite: {fileID: 7876405997062535170, guid: 1d9a7421591b046e094cd42dff5c53ca,
          type: 3}
        time: 0.04
        eventEnabled: 0
        eventName: 
      - sprite: {fileID: -7302932642605081233, guid: 1d9a7421591b046e094cd42dff5c53ca,
          type: 3}
        time: 0.04
        eventEnabled: 0
        eventName: 
      - sprite: {fileID: -6758307238852729213, guid: 1d9a7421591b046e094cd42dff5c53ca,
          type: 3}
        time: 0.04
        eventEnabled: 0
        eventName: 
      - sprite: {fileID: 5791698728326628263, guid: 1d9a7421591b046e094cd42dff5c53ca,
          type: 3}
        time: 0.04
        eventEnabled: 0
        eventName: 
      - sprite: {fileID: 8912923602405840025, guid: 1d9a7421591b046e094cd42dff5c53ca,
          type: 3}
        time: 0.04
        eventEnabled: 0
        eventName: 
      - sprite: {fileID: -3596694042850481151, guid: 1d9a7421591b046e094cd42dff5c53ca,
          type: 3}
        time: 0.04
        eventEnabled: 0
        eventName: 
      - sprite: {fileID: 4338833843921828703, guid: 1d9a7421591b046e094cd42dff5c53ca,
          type: 3}
        time: 0.04
        eventEnabled: 0
        eventName: 
      name: glob-spawn
      selectedIndex: 0
      newFramesTime: 0.05
      setFramesTime: 0.1
    file: {fileID: 11400000, guid: 1a9702de6cd814f1fb4f0b88313d3951, type: 2}
  - animationName: spawn-glob
    animation:
      speedRatio: 1
      loop: 1
      frameToLoop: 0
      frameDatas:
      - sprite: {fileID: 2210088917346747227, guid: 9d7e175207dbc4f22b4b7e1b23eef30a,
          type: 3}
        time: 0.04
        eventEnabled: 0
        eventName: 
      - sprite: {fileID: 6303131706342312025, guid: 9d7e175207dbc4f22b4b7e1b23eef30a,
          type: 3}
        time: 0.04
        eventEnabled: 0
        eventName: 
      - sprite: {fileID: -36219581072067084, guid: 9d7e175207dbc4f22b4b7e1b23eef30a,
          type: 3}
        time: 0.04
        eventEnabled: 0
        eventName: 
      - sprite: {fileID: -7544096801515266403, guid: 9d7e175207dbc4f22b4b7e1b23eef30a,
          type: 3}
        time: 0.04
        eventEnabled: 0
        eventName: 
      - sprite: {fileID: -994000168654183519, guid: 9d7e175207dbc4f22b4b7e1b23eef30a,
          type: 3}
        time: 0.04
        eventEnabled: 0
        eventName: 
      - sprite: {fileID: 4984623324469612994, guid: 9d7e175207dbc4f22b4b7e1b23eef30a,
          type: 3}
        time: 0.04
        eventEnabled: 0
        eventName: 
      - sprite: {fileID: -7189871037451365569, guid: 9d7e175207dbc4f22b4b7e1b23eef30a,
          type: 3}
        time: 0.04
        eventEnabled: 0
        eventName: 
      - sprite: {fileID: 6953711041916889317, guid: 9d7e175207dbc4f22b4b7e1b23eef30a,
          type: 3}
        time: 0.04
        eventEnabled: 0
        eventName: 
      - sprite: {fileID: -8521856161480970967, guid: 9d7e175207dbc4f22b4b7e1b23eef30a,
          type: 3}
        time: 0.04
        eventEnabled: 0
        eventName: 
      - sprite: {fileID: 3882543335462050030, guid: 9d7e175207dbc4f22b4b7e1b23eef30a,
          type: 3}
        time: 0.04
        eventEnabled: 0
        eventName: 
      name: spawn-glob
      selectedIndex: 0
      newFramesTime: 0.05
      setFramesTime: 0.1
    file: {fileID: 11400000, guid: 1a9702de6cd814f1fb4f0b88313d3951, type: 2}
  animationAsset: {fileID: 11400000, guid: 1a9702de6cd814f1fb4f0b88313d3951, type: 2}
  mode: 0
--- !u!1 &6274134453985826249
GameObject:
  m_ObjectHideFlags: 0
  m_CorrespondingSourceObject: {fileID: 0}
  m_PrefabInstance: {fileID: 0}
  m_PrefabAsset: {fileID: 0}
  serializedVersion: 6
  m_Component:
  - component: {fileID: 6401352801706260035}
  - component: {fileID: 6148515549727985198}
  - component: {fileID: 7102073452077085571}
  m_Layer: 5
  m_Name: SlimeBall
  m_TagString: Untagged
  m_Icon: {fileID: 0}
  m_NavMeshLayer: 0
  m_StaticEditorFlags: 0
  m_IsActive: 1
--- !u!224 &6401352801706260035
RectTransform:
  m_ObjectHideFlags: 0
  m_CorrespondingSourceObject: {fileID: 0}
  m_PrefabInstance: {fileID: 0}
  m_PrefabAsset: {fileID: 0}
  m_GameObject: {fileID: 6274134453985826249}
  m_LocalRotation: {x: 0, y: 0, z: 0, w: 1}
  m_LocalPosition: {x: 0, y: 0, z: 0}
  m_LocalScale: {x: 1, y: 1, z: 1}
  m_Children:
  - {fileID: 8946669486290297898}
  m_Father: {fileID: 0}
  m_RootOrder: 0
  m_LocalEulerAnglesHint: {x: 0, y: 0, z: 0}
  m_AnchorMin: {x: 0.5, y: 0.5}
  m_AnchorMax: {x: 0.5, y: 0.5}
  m_AnchoredPosition: {x: 0, y: 0}
  m_SizeDelta: {x: 100, y: 100}
  m_Pivot: {x: 0.5, y: 0.5}
--- !u!114 &6148515549727985198
MonoBehaviour:
  m_ObjectHideFlags: 0
  m_CorrespondingSourceObject: {fileID: 0}
  m_PrefabInstance: {fileID: 0}
  m_PrefabAsset: {fileID: 0}
  m_GameObject: {fileID: 6274134453985826249}
  m_Enabled: 1
  m_EditorHideFlags: 0
  m_Script: {fileID: 11500000, guid: 5fe67aef1a3847919dd8ad083a253351, type: 3}
  m_Name: 
  m_EditorClassIdentifier: 
  animator: {fileID: 7848893502601992673}
--- !u!223 &7102073452077085571
Canvas:
  m_ObjectHideFlags: 0
  m_CorrespondingSourceObject: {fileID: 0}
  m_PrefabInstance: {fileID: 0}
  m_PrefabAsset: {fileID: 0}
  m_GameObject: {fileID: 6274134453985826249}
  m_Enabled: 1
  serializedVersion: 3
  m_RenderMode: 2
  m_Camera: {fileID: 0}
  m_PlaneDistance: 100
  m_PixelPerfect: 0
  m_ReceivesEvents: 1
  m_OverrideSorting: 1
  m_OverridePixelPerfect: 0
  m_SortingBucketNormalizedSize: 0
  m_AdditionalShaderChannelsFlag: 0
  m_SortingLayerID: 2109303749
  m_SortingOrder: 200
  m_TargetDisplay: 0
