%YAML 1.1
%TAG !u! tag:unity3d.com,2011:
--- !u!1 &2894616535242231844
GameObject:
  m_ObjectHideFlags: 0
  m_CorrespondingSourceObject: {fileID: 0}
  m_PrefabInstance: {fileID: 0}
  m_PrefabAsset: {fileID: 0}
  serializedVersion: 6
  m_Component:
  - component: {fileID: 272546057159759651}
  - component: {fileID: 9017496216037649802}
  - component: {fileID: 1200514717807418996}
  m_Layer: 5
  m_Name: VoidSlashEffect
  m_TagString: Untagged
  m_Icon: {fileID: 0}
  m_NavMeshLayer: 0
  m_StaticEditorFlags: 0
  m_IsActive: 0
--- !u!224 &272546057159759651
RectTransform:
  m_ObjectHideFlags: 0
  m_CorrespondingSourceObject: {fileID: 0}
  m_PrefabInstance: {fileID: 0}
  m_PrefabAsset: {fileID: 0}
  m_GameObject: {fileID: 2894616535242231844}
  m_LocalRotation: {x: 0, y: 0, z: 0, w: 1}
  m_LocalPosition: {x: 0, y: 0, z: 0}
  m_LocalScale: {x: 1, y: 1, z: 1}
  m_Children:
  - {fileID: 4661279946016641927}
  m_Father: {fileID: 0}
  m_RootOrder: 0
  m_LocalEulerAnglesHint: {x: 0, y: 0, z: 0}
  m_AnchorMin: {x: 0.5, y: 0.5}
  m_AnchorMax: {x: 0.5, y: 0.5}
  m_AnchoredPosition: {x: 0, y: 0}
  m_SizeDelta: {x: 84, y: 80}
  m_Pivot: {x: 0.5, y: 0.5}
--- !u!114 &9017496216037649802
MonoBehaviour:
  m_ObjectHideFlags: 0
  m_CorrespondingSourceObject: {fileID: 0}
  m_PrefabInstance: {fileID: 0}
  m_PrefabAsset: {fileID: 0}
  m_GameObject: {fileID: 2894616535242231844}
  m_Enabled: 1
  m_EditorHideFlags: 0
  m_Script: {fileID: 11500000, guid: 399cc536f724e62459f76e19b07d9af6, type: 3}
  m_Name: 
  m_EditorClassIdentifier: 
  slashAnim: {fileID: 4271942626422689633}
  overlayPurple: {r: 0.42147446, g: 0, b: 1, a: 0.5019608}
  overlayWhite: {r: 1, g: 1, b: 1, a: 0.54901963}
--- !u!223 &1200514717807418996
Canvas:
  m_ObjectHideFlags: 0
  m_CorrespondingSourceObject: {fileID: 0}
  m_PrefabInstance: {fileID: 0}
  m_PrefabAsset: {fileID: 0}
  m_GameObject: {fileID: 2894616535242231844}
  m_Enabled: 1
  serializedVersion: 3
  m_RenderMode: 2
  m_Camera: {fileID: 0}
  m_PlaneDistance: 100
  m_PixelPerfect: 0
  m_ReceivesEvents: 1
  m_OverrideSorting: 1
  m_OverridePixelPerfect: 0
  m_SortingBucketNormalizedSize: 0
  m_AdditionalShaderChannelsFlag: 0
  m_SortingLayerID: 2109303749
  m_SortingOrder: 0
  m_TargetDisplay: 0
--- !u!1 &6228070395018415880
GameObject:
  m_ObjectHideFlags: 0
  m_CorrespondingSourceObject: {fileID: 0}
  m_PrefabInstance: {fileID: 0}
  m_PrefabAsset: {fileID: 0}
  serializedVersion: 6
  m_Component:
  - component: {fileID: 4661279946016641927}
  - component: {fileID: 9002400271230895252}
  - component: {fileID: 2256397930418447591}
  - component: {fileID: 4271942626422689633}
  m_Layer: 5
  m_Name: Slash
  m_TagString: Untagged
  m_Icon: {fileID: 0}
  m_NavMeshLayer: 0
  m_StaticEditorFlags: 0
  m_IsActive: 1
--- !u!224 &4661279946016641927
RectTransform:
  m_ObjectHideFlags: 0
  m_CorrespondingSourceObject: {fileID: 0}
  m_PrefabInstance: {fileID: 0}
  m_PrefabAsset: {fileID: 0}
  m_GameObject: {fileID: 6228070395018415880}
  m_LocalRotation: {x: 0, y: 0, z: 0, w: 1}
  m_LocalPosition: {x: 0, y: 0, z: 0}
  m_LocalScale: {x: 1, y: 1, z: 1}
  m_Children: []
  m_Father: {fileID: 272546057159759651}
  m_RootOrder: 0
  m_LocalEulerAnglesHint: {x: 0, y: 0, z: 0}
  m_AnchorMin: {x: 0.5, y: 0.5}
  m_AnchorMax: {x: 0.5, y: 0.5}
  m_AnchoredPosition: {x: 0, y: 0}
  m_SizeDelta: {x: 180, y: 180}
  m_Pivot: {x: 0.5, y: 0.5}
--- !u!222 &9002400271230895252
CanvasRenderer:
  m_ObjectHideFlags: 0
  m_CorrespondingSourceObject: {fileID: 0}
  m_PrefabInstance: {fileID: 0}
  m_PrefabAsset: {fileID: 0}
  m_GameObject: {fileID: 6228070395018415880}
  m_CullTransparentMesh: 1
--- !u!114 &2256397930418447591
MonoBehaviour:
  m_ObjectHideFlags: 0
  m_CorrespondingSourceObject: {fileID: 0}
  m_PrefabInstance: {fileID: 0}
  m_PrefabAsset: {fileID: 0}
  m_GameObject: {fileID: 6228070395018415880}
  m_Enabled: 1
  m_EditorHideFlags: 0
  m_Script: {fileID: 11500000, guid: fe87c0e1cc204ed48ad3b37840f39efc, type: 3}
  m_Name: 
  m_EditorClassIdentifier: 
  m_Material: {fileID: 0}
  m_Color: {r: 1, g: 1, b: 1, a: 1}
  m_RaycastTarget: 1
  m_RaycastPadding: {x: 0, y: 0, z: 0, w: 0}
  m_Maskable: 1
  m_OnCullStateChanged:
    m_PersistentCalls:
      m_Calls: []
  m_Sprite: {fileID: 6147243157268433115, guid: eaf9c05886af40346a089996e1d0c2a5,
    type: 3}
  m_Type: 0
  m_PreserveAspect: 0
  m_FillCenter: 1
  m_FillMethod: 4
  m_FillAmount: 1
  m_FillClockwise: 1
  m_FillOrigin: 0
  m_UseSpriteMesh: 0
  m_PixelsPerUnitMultiplier: 1
--- !u!114 &4271942626422689633
MonoBehaviour:
  m_ObjectHideFlags: 0
  m_CorrespondingSourceObject: {fileID: 0}
  m_PrefabInstance: {fileID: 0}
  m_PrefabAsset: {fileID: 0}
  m_GameObject: {fileID: 6228070395018415880}
  m_Enabled: 1
  m_EditorHideFlags: 0
  m_Script: {fileID: 11500000, guid: 88fb3ea51bb752b49abd5037a4f40f6a, type: 3}
  m_Name: 
  m_EditorClassIdentifier: 
  playing: 0
  paused: 0
  timer: 0
  animIdx: -1
  currentIdx: 0
  speedRatio: 1
  playFrom: 0
  overrideTimeScale: 0
  timeScaleOverride: 0
  list:
  - animationName: slash
    animation:
      speedRatio: 1
      loop: 1
      frameToLoop: 0
      frameDatas:
      - sprite: {fileID: -6285229007230694860, guid: eaf9c05886af40346a089996e1d0c2a5,
          type: 3}
        time: 0.04
        eventEnabled: 0
        eventName: 
      - sprite: {fileID: 8166621804132630370, guid: eaf9c05886af40346a089996e1d0c2a5,
          type: 3}
        time: 0.04
        eventEnabled: 0
        eventName: 
      - sprite: {fileID: -94104088791189140, guid: eaf9c05886af40346a089996e1d0c2a5,
          type: 3}
        time: 0.04
        eventEnabled: 0
        eventName: 
      - sprite: {fileID: 6147243157268433115, guid: eaf9c05886af40346a089996e1d0c2a5,
          type: 3}
        time: 0.04
        eventEnabled: 0
        eventName: 
      - sprite: {fileID: 6909341551816271410, guid: eaf9c05886af40346a089996e1d0c2a5,
          type: 3}
        time: 0.04
        eventEnabled: 0
        eventName: 
      - sprite: {fileID: -7533927976886281631, guid: eaf9c05886af40346a089996e1d0c2a5,
          type: 3}
        time: 0.04
        eventEnabled: 0
        eventName: 
      - sprite: {fileID: 8216844145037268342, guid: eaf9c05886af40346a089996e1d0c2a5,
          type: 3}
        time: 0.04
        eventEnabled: 0
        eventName: 
      - sprite: {fileID: -8287677536770278876, guid: eaf9c05886af40346a089996e1d0c2a5,
          type: 3}
        time: 0.04
        eventEnabled: 0
        eventName: 
      - sprite: {fileID: -3146680401322395525, guid: eaf9c05886af40346a089996e1d0c2a5,
          type: 3}
        time: 0.16
        eventEnabled: 0
        eventName: 
      - sprite: {fileID: -8041962276014771976, guid: eaf9c05886af40346a089996e1d0c2a5,
          type: 3}
        time: 0.04
        eventEnabled: 0
        eventName: 
      - sprite: {fileID: -1857365507470212439, guid: eaf9c05886af40346a089996e1d0c2a5,
          type: 3}
        time: 0.04
        eventEnabled: 0
        eventName: 
      - sprite: {fileID: 671601116272713195, guid: eaf9c05886af40346a089996e1d0c2a5,
          type: 3}
        time: 0.04
        eventEnabled: 0
        eventName: 
      - sprite: {fileID: -3684703442613190112, guid: eaf9c05886af40346a089996e1d0c2a5,
          type: 3}
        time: 0.6
        eventEnabled: 0
        eventName: 
      - sprite: {fileID: 2809194616792586492, guid: eaf9c05886af40346a089996e1d0c2a5,
          type: 3}
        time: 0.04
        eventEnabled: 0
        eventName: 
      - sprite: {fileID: 624735058348658838, guid: eaf9c05886af40346a089996e1d0c2a5,
          type: 3}
        time: 0.04
        eventEnabled: 0
        eventName: 
      - sprite: {fileID: -1582898376152864673, guid: eaf9c05886af40346a089996e1d0c2a5,
          type: 3}
        time: 0.04
        eventEnabled: 0
        eventName: 
      name: slash
      selectedIndex: 0
      newFramesTime: 0.05
      setFramesTime: 0.1
    file: {fileID: 11400000, guid: 7564d6a5bb5520a418bc17e4f75f9a70, type: 2}
  animationAsset: {fileID: 11400000, guid: 7564d6a5bb5520a418bc17e4f75f9a70, type: 2}
  mode: 0
