%YAML 1.1
%TAG !u! tag:unity3d.com,2011:
--- !u!1 &2821326078132427409
GameObject:
  m_ObjectHideFlags: 0
  m_CorrespondingSourceObject: {fileID: 0}
  m_PrefabInstance: {fileID: 0}
  m_PrefabAsset: {fileID: 0}
  serializedVersion: 6
  m_Component:
  - component: {fileID: 8694295087532662215}
  - component: {fileID: 4980053672367709133}
  - component: {fileID: 5580954688766690356}
  - component: {fileID: 4855491636278986104}
  m_Layer: 5
  m_Name: Bubble
  m_TagString: Untagged
  m_Icon: {fileID: 0}
  m_NavMeshLayer: 0
  m_StaticEditorFlags: 0
  m_IsActive: 0
--- !u!224 &8694295087532662215
RectTransform:
  m_ObjectHideFlags: 0
  m_CorrespondingSourceObject: {fileID: 0}
  m_PrefabInstance: {fileID: 0}
  m_PrefabAsset: {fileID: 0}
  m_GameObject: {fileID: 2821326078132427409}
  m_LocalRotation: {x: 0, y: 0, z: 0, w: 1}
  m_LocalPosition: {x: 0, y: 0, z: 0}
  m_LocalScale: {x: 1, y: 1, z: 1}
  m_Children: []
  m_Father: {fileID: 2276892703191566126}
  m_RootOrder: 0
  m_LocalEulerAnglesHint: {x: 0, y: 0, z: 0}
  m_AnchorMin: {x: 0.5, y: 0.5}
  m_AnchorMax: {x: 0.5, y: 0.5}
  m_AnchoredPosition: {x: 0, y: 0}
  m_SizeDelta: {x: 38, y: 40}
  m_Pivot: {x: 0.5, y: 0.5}
--- !u!222 &4980053672367709133
CanvasRenderer:
  m_ObjectHideFlags: 0
  m_CorrespondingSourceObject: {fileID: 0}
  m_PrefabInstance: {fileID: 0}
  m_PrefabAsset: {fileID: 0}
  m_GameObject: {fileID: 2821326078132427409}
  m_CullTransparentMesh: 1
--- !u!114 &5580954688766690356
MonoBehaviour:
  m_ObjectHideFlags: 0
  m_CorrespondingSourceObject: {fileID: 0}
  m_PrefabInstance: {fileID: 0}
  m_PrefabAsset: {fileID: 0}
  m_GameObject: {fileID: 2821326078132427409}
  m_Enabled: 1
  m_EditorHideFlags: 0
  m_Script: {fileID: 11500000, guid: fe87c0e1cc204ed48ad3b37840f39efc, type: 3}
  m_Name: 
  m_EditorClassIdentifier: 
  m_Material: {fileID: 0}
  m_Color: {r: 1, g: 1, b: 1, a: 1}
  m_RaycastTarget: 0
  m_RaycastPadding: {x: 0, y: 0, z: 0, w: 0}
  m_Maskable: 0
  m_OnCullStateChanged:
    m_PersistentCalls:
      m_Calls: []
  m_Sprite: {fileID: 21300000, guid: abe2747b329d44be987d7b40860f7f66, type: 3}
  m_Type: 0
  m_PreserveAspect: 0
  m_FillCenter: 1
  m_FillMethod: 4
  m_FillAmount: 1
  m_FillClockwise: 1
  m_FillOrigin: 0
  m_UseSpriteMesh: 0
  m_PixelsPerUnitMultiplier: 1
--- !u!114 &4855491636278986104
MonoBehaviour:
  m_ObjectHideFlags: 0
  m_CorrespondingSourceObject: {fileID: 0}
  m_PrefabInstance: {fileID: 0}
  m_PrefabAsset: {fileID: 0}
  m_GameObject: {fileID: 2821326078132427409}
  m_Enabled: 1
  m_EditorHideFlags: 0
  m_Script: {fileID: 11500000, guid: 88fb3ea51bb752b49abd5037a4f40f6a, type: 3}
  m_Name: 
  m_EditorClassIdentifier: 
  playing: 0
  paused: 0
  timer: 0
  animIdx: -1
  currentIdx: 0
  speedRatio: 1
  playFrom: 0
  overrideTimeScale: 0
  timeScaleOverride: 0
  list:
  - animationName: 1
    animation:
      speedRatio: 1
      loop: 0
      frameToLoop: 0
      frameDatas:
      - sprite: {fileID: 21300000, guid: abe2747b329d44be987d7b40860f7f66, type: 3}
        time: 0.04
        eventEnabled: 0
        eventName: 
      name: 1
      selectedIndex: 0
      newFramesTime: 0.05
      setFramesTime: 0.1
    file: {fileID: 11400000, guid: 91ac0e850ff504b4da01648213e46d3d, type: 2}
  - animationName: 2
    animation:
      speedRatio: 1
      loop: 0
      frameToLoop: 0
      frameDatas:
      - sprite: {fileID: 21300000, guid: df985722baaf94c8cb3e7160307421ce, type: 3}
        time: 0.04
        eventEnabled: 0
        eventName: 
      name: 2
      selectedIndex: 0
      newFramesTime: 0.05
      setFramesTime: 0.1
    file: {fileID: 11400000, guid: 91ac0e850ff504b4da01648213e46d3d, type: 2}
  - animationName: 3
    animation:
      speedRatio: 1
      loop: 0
      frameToLoop: 0
      frameDatas:
      - sprite: {fileID: 21300000, guid: acad4f0dc602d42dab8ff7edc6326047, type: 3}
        time: 0.04
        eventEnabled: 0
        eventName: 
      name: 3
      selectedIndex: 0
      newFramesTime: 0.05
      setFramesTime: 0.1
    file: {fileID: 11400000, guid: 91ac0e850ff504b4da01648213e46d3d, type: 2}
  - animationName: 4
    animation:
      speedRatio: 1
      loop: 0
      frameToLoop: 0
      frameDatas:
      - sprite: {fileID: 21300000, guid: fd7342e44a1ac4d7b886e759b6717192, type: 3}
        time: 0.04
        eventEnabled: 0
        eventName: 
      name: 4
      selectedIndex: 0
      newFramesTime: 0.05
      setFramesTime: 0.1
    file: {fileID: 11400000, guid: 91ac0e850ff504b4da01648213e46d3d, type: 2}
  - animationName: 5
    animation:
      speedRatio: 1
      loop: 0
      frameToLoop: 0
      frameDatas:
      - sprite: {fileID: 21300000, guid: f4dbbbaab719048fa8b601c440a57e36, type: 3}
        time: 0.04
        eventEnabled: 0
        eventName: 
      name: 5
      selectedIndex: 0
      newFramesTime: 0.05
      setFramesTime: 0.1
    file: {fileID: 11400000, guid: 91ac0e850ff504b4da01648213e46d3d, type: 2}
  - animationName: 6
    animation:
      speedRatio: 1
      loop: 0
      frameToLoop: 0
      frameDatas:
      - sprite: {fileID: 21300000, guid: 072b7ebb76f3e4bdcbee1f522a14e66b, type: 3}
        time: 0.04
        eventEnabled: 0
        eventName: 
      name: 6
      selectedIndex: 0
      newFramesTime: 0.05
      setFramesTime: 0.1
    file: {fileID: 11400000, guid: 91ac0e850ff504b4da01648213e46d3d, type: 2}
  - animationName: 7
    animation:
      speedRatio: 1
      loop: 0
      frameToLoop: 0
      frameDatas:
      - sprite: {fileID: 21300000, guid: 7218acded437245f1ae0345fdd27446f, type: 3}
        time: 0.04
        eventEnabled: 0
        eventName: 
      name: 7
      selectedIndex: 0
      newFramesTime: 0.05
      setFramesTime: 0.1
    file: {fileID: 11400000, guid: 91ac0e850ff504b4da01648213e46d3d, type: 2}
  animationAsset: {fileID: 11400000, guid: 91ac0e850ff504b4da01648213e46d3d, type: 2}
  mode: 0
--- !u!1 &4588436027780684132
GameObject:
  m_ObjectHideFlags: 0
  m_CorrespondingSourceObject: {fileID: 0}
  m_PrefabInstance: {fileID: 0}
  m_PrefabAsset: {fileID: 0}
  serializedVersion: 6
  m_Component:
  - component: {fileID: 7248413011139371285}
  - component: {fileID: 1045903237527408702}
  - component: {fileID: 2757901261035390401}
  - component: {fileID: 3302644114091081142}
  m_Layer: 5
  m_Name: Splatter
  m_TagString: Untagged
  m_Icon: {fileID: 0}
  m_NavMeshLayer: 0
  m_StaticEditorFlags: 0
  m_IsActive: 0
--- !u!224 &7248413011139371285
RectTransform:
  m_ObjectHideFlags: 0
  m_CorrespondingSourceObject: {fileID: 0}
  m_PrefabInstance: {fileID: 0}
  m_PrefabAsset: {fileID: 0}
  m_GameObject: {fileID: 4588436027780684132}
  m_LocalRotation: {x: 0, y: 0, z: 0, w: 1}
  m_LocalPosition: {x: 0, y: 0, z: 0}
  m_LocalScale: {x: 1, y: 1, z: 1}
  m_Children: []
  m_Father: {fileID: 2276892703191566126}
  m_RootOrder: 1
  m_LocalEulerAnglesHint: {x: 0, y: 0, z: 0}
  m_AnchorMin: {x: 0.5, y: 0.5}
  m_AnchorMax: {x: 0.5, y: 0.5}
  m_AnchoredPosition: {x: 0, y: 0}
  m_SizeDelta: {x: 96, y: 96}
  m_Pivot: {x: 0.5, y: 0.5}
--- !u!222 &1045903237527408702
CanvasRenderer:
  m_ObjectHideFlags: 0
  m_CorrespondingSourceObject: {fileID: 0}
  m_PrefabInstance: {fileID: 0}
  m_PrefabAsset: {fileID: 0}
  m_GameObject: {fileID: 4588436027780684132}
  m_CullTransparentMesh: 1
--- !u!114 &2757901261035390401
MonoBehaviour:
  m_ObjectHideFlags: 0
  m_CorrespondingSourceObject: {fileID: 0}
  m_PrefabInstance: {fileID: 0}
  m_PrefabAsset: {fileID: 0}
  m_GameObject: {fileID: 4588436027780684132}
  m_Enabled: 1
  m_EditorHideFlags: 0
  m_Script: {fileID: 11500000, guid: fe87c0e1cc204ed48ad3b37840f39efc, type: 3}
  m_Name: 
  m_EditorClassIdentifier: 
  m_Material: {fileID: 0}
  m_Color: {r: 1, g: 1, b: 1, a: 1}
  m_RaycastTarget: 1
  m_RaycastPadding: {x: 0, y: 0, z: 0, w: 0}
  m_Maskable: 1
  m_OnCullStateChanged:
    m_PersistentCalls:
      m_Calls: []
  m_Sprite: {fileID: 1032842794481982400, guid: de120d1adf62a4c2bbc7e24fa697aa02,
    type: 3}
  m_Type: 0
  m_PreserveAspect: 0
  m_FillCenter: 1
  m_FillMethod: 4
  m_FillAmount: 1
  m_FillClockwise: 1
  m_FillOrigin: 0
  m_UseSpriteMesh: 0
  m_PixelsPerUnitMultiplier: 1
--- !u!114 &3302644114091081142
MonoBehaviour:
  m_ObjectHideFlags: 0
  m_CorrespondingSourceObject: {fileID: 0}
  m_PrefabInstance: {fileID: 0}
  m_PrefabAsset: {fileID: 0}
  m_GameObject: {fileID: 4588436027780684132}
  m_Enabled: 1
  m_EditorHideFlags: 0
  m_Script: {fileID: 11500000, guid: 88fb3ea51bb752b49abd5037a4f40f6a, type: 3}
  m_Name: 
  m_EditorClassIdentifier: 
  playing: 0
  paused: 0
  timer: 0
  animIdx: -1
  currentIdx: 0
  speedRatio: 1
  playFrom: 0
  overrideTimeScale: 0
  timeScaleOverride: 0
  list:
  - animationName: splatter-1
    animation:
      speedRatio: 1
      loop: 0
      frameToLoop: 0
      frameDatas:
      - sprite: {fileID: 1032842794481982400, guid: de120d1adf62a4c2bbc7e24fa697aa02,
          type: 3}
        time: 0.04
        eventEnabled: 0
        eventName: 
      - sprite: {fileID: -8120002398482143370, guid: de120d1adf62a4c2bbc7e24fa697aa02,
          type: 3}
        time: 0.04
        eventEnabled: 0
        eventName: 
      - sprite: {fileID: 7318585293582047012, guid: de120d1adf62a4c2bbc7e24fa697aa02,
          type: 3}
        time: 0.04
        eventEnabled: 0
        eventName: 
      - sprite: {fileID: -326040969357515523, guid: de120d1adf62a4c2bbc7e24fa697aa02,
          type: 3}
        time: 0.04
        eventEnabled: 0
        eventName: 
      - sprite: {fileID: 3477178397561017367, guid: de120d1adf62a4c2bbc7e24fa697aa02,
          type: 3}
        time: 0.04
        eventEnabled: 0
        eventName: 
      - sprite: {fileID: -7322306515006911407, guid: de120d1adf62a4c2bbc7e24fa697aa02,
          type: 3}
        time: 0.04
        eventEnabled: 0
        eventName: 
      - sprite: {fileID: -1015469632328910737, guid: de120d1adf62a4c2bbc7e24fa697aa02,
          type: 3}
        time: 0.04
        eventEnabled: 0
        eventName: 
      - sprite: {fileID: 6885120962640494187, guid: de120d1adf62a4c2bbc7e24fa697aa02,
          type: 3}
        time: 0.04
        eventEnabled: 0
        eventName: 
      - sprite: {fileID: -1312572536098942371, guid: de120d1adf62a4c2bbc7e24fa697aa02,
          type: 3}
        time: 0.04
        eventEnabled: 0
        eventName: 
      - sprite: {fileID: 3480067060150326531, guid: de120d1adf62a4c2bbc7e24fa697aa02,
          type: 3}
        time: 0.3
        eventEnabled: 0
        eventName: 
      name: splatter-1
      selectedIndex: 0
      newFramesTime: 0.05
      setFramesTime: 0.1
    file: {fileID: 11400000, guid: d01f6a8ffac8946d6a04636bb93a4ef2, type: 2}
  - animationName: splatter-2
    animation:
      speedRatio: 1
      loop: 0
      frameToLoop: 0
      frameDatas:
      - sprite: {fileID: -488348209722818931, guid: c7957450a750e4685af6b5f369941f9b,
          type: 3}
        time: 0.04
        eventEnabled: 0
        eventName: 
      - sprite: {fileID: 7927784806269201182, guid: c7957450a750e4685af6b5f369941f9b,
          type: 3}
        time: 0.04
        eventEnabled: 0
        eventName: 
      - sprite: {fileID: 1995414201271111645, guid: c7957450a750e4685af6b5f369941f9b,
          type: 3}
        time: 0.04
        eventEnabled: 0
        eventName: 
      - sprite: {fileID: 8177027545346448799, guid: c7957450a750e4685af6b5f369941f9b,
          type: 3}
        time: 0.04
        eventEnabled: 0
        eventName: 
      - sprite: {fileID: -8268008154480643471, guid: c7957450a750e4685af6b5f369941f9b,
          type: 3}
        time: 0.04
        eventEnabled: 0
        eventName: 
      - sprite: {fileID: 1822174827604851825, guid: c7957450a750e4685af6b5f369941f9b,
          type: 3}
        time: 0.04
        eventEnabled: 0
        eventName: 
      - sprite: {fileID: 8199434313300664985, guid: c7957450a750e4685af6b5f369941f9b,
          type: 3}
        time: 0.04
        eventEnabled: 0
        eventName: 
      - sprite: {fileID: 782694209539912361, guid: c7957450a750e4685af6b5f369941f9b,
          type: 3}
        time: 0.04
        eventEnabled: 0
        eventName: 
      - sprite: {fileID: -3915895649658613684, guid: c7957450a750e4685af6b5f369941f9b,
          type: 3}
        time: 0.04
        eventEnabled: 0
        eventName: 
      - sprite: {fileID: 7989078031645727020, guid: c7957450a750e4685af6b5f369941f9b,
          type: 3}
        time: 0.3
        eventEnabled: 0
        eventName: 
      name: splatter-2
      selectedIndex: 0
      newFramesTime: 0.05
      setFramesTime: 0.1
    file: {fileID: 11400000, guid: d01f6a8ffac8946d6a04636bb93a4ef2, type: 2}
  - animationName: splatter-3
    animation:
      speedRatio: 1
      loop: 0
      frameToLoop: 0
      frameDatas:
      - sprite: {fileID: -3550089143654524330, guid: e6a2a843c64db4284a0ba842745e5ca8,
          type: 3}
        time: 0.04
        eventEnabled: 0
        eventName: 
      - sprite: {fileID: -363495792518107501, guid: e6a2a843c64db4284a0ba842745e5ca8,
          type: 3}
        time: 0.04
        eventEnabled: 0
        eventName: 
      - sprite: {fileID: 2724475662304862168, guid: e6a2a843c64db4284a0ba842745e5ca8,
          type: 3}
        time: 0.04
        eventEnabled: 0
        eventName: 
      - sprite: {fileID: 8072973353358439500, guid: e6a2a843c64db4284a0ba842745e5ca8,
          type: 3}
        time: 0.04
        eventEnabled: 0
        eventName: 
      - sprite: {fileID: 1370467061598939753, guid: e6a2a843c64db4284a0ba842745e5ca8,
          type: 3}
        time: 0.04
        eventEnabled: 0
        eventName: 
      - sprite: {fileID: -3342561059679376091, guid: e6a2a843c64db4284a0ba842745e5ca8,
          type: 3}
        time: 0.04
        eventEnabled: 0
        eventName: 
      - sprite: {fileID: 6835638371890158803, guid: e6a2a843c64db4284a0ba842745e5ca8,
          type: 3}
        time: 0.04
        eventEnabled: 0
        eventName: 
      - sprite: {fileID: 3560919676171968468, guid: e6a2a843c64db4284a0ba842745e5ca8,
          type: 3}
        time: 0.04
        eventEnabled: 0
        eventName: 
      - sprite: {fileID: -8996292467924162398, guid: e6a2a843c64db4284a0ba842745e5ca8,
          type: 3}
        time: 0.04
        eventEnabled: 0
        eventName: 
      - sprite: {fileID: 9136379307262328701, guid: e6a2a843c64db4284a0ba842745e5ca8,
          type: 3}
        time: 0.3
        eventEnabled: 0
        eventName: 
      name: splatter-3
      selectedIndex: 0
      newFramesTime: 0.05
      setFramesTime: 0.1
    file: {fileID: 11400000, guid: d01f6a8ffac8946d6a04636bb93a4ef2, type: 2}
  animationAsset: {fileID: 11400000, guid: d01f6a8ffac8946d6a04636bb93a4ef2, type: 2}
  mode: 0
--- !u!1 &5651309511619437152
GameObject:
  m_ObjectHideFlags: 0
  m_CorrespondingSourceObject: {fileID: 0}
  m_PrefabInstance: {fileID: 0}
  m_PrefabAsset: {fileID: 0}
  serializedVersion: 6
  m_Component:
  - component: {fileID: 2276892703191566126}
  - component: {fileID: 8901146433631605712}
  m_Layer: 5
  m_Name: GoopFX
  m_TagString: Untagged
  m_Icon: {fileID: 0}
  m_NavMeshLayer: 0
  m_StaticEditorFlags: 0
  m_IsActive: 1
--- !u!224 &2276892703191566126
RectTransform:
  m_ObjectHideFlags: 0
  m_CorrespondingSourceObject: {fileID: 0}
  m_PrefabInstance: {fileID: 0}
  m_PrefabAsset: {fileID: 0}
  m_GameObject: {fileID: 5651309511619437152}
  m_LocalRotation: {x: 0, y: 0, z: 0, w: 1}
  m_LocalPosition: {x: 0, y: 0, z: 0}
  m_LocalScale: {x: 1, y: 1, z: 1}
  m_Children:
  - {fileID: 8694295087532662215}
  - {fileID: 7248413011139371285}
  m_Father: {fileID: 0}
  m_RootOrder: 0
  m_LocalEulerAnglesHint: {x: 0, y: 0, z: 0}
  m_AnchorMin: {x: 0.5, y: 0.5}
  m_AnchorMax: {x: 0.5, y: 0.5}
  m_AnchoredPosition: {x: 0, y: 0}
  m_SizeDelta: {x: 100, y: 100}
  m_Pivot: {x: 0.5, y: 0.5}
--- !u!114 &8901146433631605712
MonoBehaviour:
  m_ObjectHideFlags: 0
  m_CorrespondingSourceObject: {fileID: 0}
  m_PrefabInstance: {fileID: 0}
  m_PrefabAsset: {fileID: 0}
  m_GameObject: {fileID: 5651309511619437152}
  m_Enabled: 1
  m_EditorHideFlags: 0
  m_Script: {fileID: 11500000, guid: d97ac7c9d99e4b809e4500bdd0bbd8d5, type: 3}
  m_Name: 
  m_EditorClassIdentifier: 
  initialSlideSpeed: 10
  drag: 0.5
  goopBubble: {fileID: 4855491636278986104}
  goopSplatter: {fileID: 3302644114091081142}
  kill: 0
