%YAML 1.1
%TAG !u! tag:unity3d.com,2011:
--- !u!1 &753696676624802421
GameObject:
  m_ObjectHideFlags: 0
  m_CorrespondingSourceObject: {fileID: 0}
  m_PrefabInstance: {fileID: 0}
  m_PrefabAsset: {fileID: 0}
  serializedVersion: 6
  m_Component:
  - component: {fileID: 7552965528107414395}
  - component: {fileID: 214440105955473552}
  - component: {fileID: 4861770692387224195}
  - component: {fileID: 1531049286060734762}
  m_Layer: 5
  m_Name: IconAnimator
  m_TagString: Untagged
  m_Icon: {fileID: 0}
  m_NavMeshLayer: 0
  m_StaticEditorFlags: 0
  m_IsActive: 1
--- !u!224 &7552965528107414395
RectTransform:
  m_ObjectHideFlags: 0
  m_CorrespondingSourceObject: {fileID: 0}
  m_PrefabInstance: {fileID: 0}
  m_PrefabAsset: {fileID: 0}
  m_GameObject: {fileID: 753696676624802421}
  m_LocalRotation: {x: -0, y: -0, z: -0, w: 1}
  m_LocalPosition: {x: 0, y: 0, z: 0}
  m_LocalScale: {x: 1, y: 1, z: 1}
  m_Children: []
  m_Father: {fileID: 4067883730305917564}
  m_RootOrder: 1
  m_LocalEulerAnglesHint: {x: 0, y: 0, z: 0}
  m_AnchorMin: {x: 0, y: 0.5}
  m_AnchorMax: {x: 0, y: 0.5}
  m_AnchoredPosition: {x: -15, y: 0}
  m_SizeDelta: {x: 17, y: 17}
  m_Pivot: {x: 0, y: 0.5}
--- !u!222 &214440105955473552
CanvasRenderer:
  m_ObjectHideFlags: 0
  m_CorrespondingSourceObject: {fileID: 0}
  m_PrefabInstance: {fileID: 0}
  m_PrefabAsset: {fileID: 0}
  m_GameObject: {fileID: 753696676624802421}
  m_CullTransparentMesh: 0
--- !u!114 &4861770692387224195
MonoBehaviour:
  m_ObjectHideFlags: 0
  m_CorrespondingSourceObject: {fileID: 0}
  m_PrefabInstance: {fileID: 0}
  m_PrefabAsset: {fileID: 0}
  m_GameObject: {fileID: 753696676624802421}
  m_Enabled: 1
  m_EditorHideFlags: 0
  m_Script: {fileID: 11500000, guid: fe87c0e1cc204ed48ad3b37840f39efc, type: 3}
  m_Name: 
  m_EditorClassIdentifier: 
  m_Material: {fileID: 0}
  m_Color: {r: 1, g: 1, b: 1, a: 1}
  m_RaycastTarget: 0
  m_RaycastPadding: {x: 0, y: 0, z: 0, w: 0}
  m_Maskable: 0
  m_OnCullStateChanged:
    m_PersistentCalls:
      m_Calls: []
  m_Sprite: {fileID: 21300000, guid: 109a84d514de44c85b3c50eedfcd2431, type: 3}
  m_Type: 0
  m_PreserveAspect: 0
  m_FillCenter: 1
  m_FillMethod: 4
  m_FillAmount: 1
  m_FillClockwise: 1
  m_FillOrigin: 0
  m_UseSpriteMesh: 0
  m_PixelsPerUnitMultiplier: 1
--- !u!114 &1531049286060734762
MonoBehaviour:
  m_ObjectHideFlags: 0
  m_CorrespondingSourceObject: {fileID: 0}
  m_PrefabInstance: {fileID: 0}
  m_PrefabAsset: {fileID: 0}
  m_GameObject: {fileID: 753696676624802421}
  m_Enabled: 1
  m_EditorHideFlags: 0
  m_Script: {fileID: 11500000, guid: 88fb3ea51bb752b49abd5037a4f40f6a, type: 3}
  m_Name: 
  m_EditorClassIdentifier: 
  playing: 0
  paused: 0
  timer: 0
  animIdx: -1
  currentIdx: 0
  speedRatio: 1
  playFrom: 0
  overrideTimeScale: 0
  timeScaleOverride: 0
  list:
  - animationName: all
    animation:
      speedRatio: 1
      loop: 0
      frameToLoop: 0
      frameDatas:
      - sprite: {fileID: 21300000, guid: 109a84d514de44c85b3c50eedfcd2431, type: 3}
        time: 0.04
        eventEnabled: 0
        eventName: 
      name: all
      selectedIndex: 0
      newFramesTime: 0.05
      setFramesTime: 0.1
    file: {fileID: 11400000, guid: cbd23abd0ca5a49c192664310497bc9a, type: 2}
  - animationName: ally
    animation:
      speedRatio: 1
      loop: 0
      frameToLoop: 0
      frameDatas:
      - sprite: {fileID: 21300000, guid: 039a000a6212942bd86f6eeb87ce1e6e, type: 3}
        time: 0.06
        eventEnabled: 0
        eventName: 
      name: ally
      selectedIndex: 0
      newFramesTime: 0.05
      setFramesTime: 0.1
    file: {fileID: 11400000, guid: cbd23abd0ca5a49c192664310497bc9a, type: 2}
  - animationName: barrier
    animation:
      speedRatio: 1
      loop: 0
      frameToLoop: 0
      frameDatas:
      - sprite: {fileID: 21300000, guid: 41385dec2df0443ccb4ad4ab3b525cf5, type: 3}
        time: 0.06
        eventEnabled: 0
        eventName: 
      name: barrier
      selectedIndex: 0
      newFramesTime: 0.05
      setFramesTime: 0.1
    file: {fileID: 11400000, guid: cbd23abd0ca5a49c192664310497bc9a, type: 2}
  - animationName: battlecry
    animation:
      speedRatio: 1
      loop: 0
      frameToLoop: 0
      frameDatas:
      - sprite: {fileID: 21300000, guid: 5040e4ad577994f4187f6bf2e6000ae2, type: 3}
        time: 0.06
        eventEnabled: 0
        eventName: 
      name: battlecry
      selectedIndex: 0
      newFramesTime: 0.05
      setFramesTime: 0.1
    file: {fileID: 11400000, guid: cbd23abd0ca5a49c192664310497bc9a, type: 2}
  - animationName: counter
    animation:
      speedRatio: 1
      loop: 0
      frameToLoop: 0
      frameDatas:
      - sprite: {fileID: 21300000, guid: 9ea7b69b625e34afba85145871615dfe, type: 3}
        time: 0.06
        eventEnabled: 0
        eventName: 
      name: counter
      selectedIndex: 0
      newFramesTime: 0.05
      setFramesTime: 0.1
    file: {fileID: 11400000, guid: cbd23abd0ca5a49c192664310497bc9a, type: 2}
  - animationName: damaged
    animation:
      speedRatio: 1
      loop: 0
      frameToLoop: 0
      frameDatas:
      - sprite: {fileID: 21300000, guid: b031974ad0caf419fbb99e060c598339, type: 3}
        time: 0.06
        eventEnabled: 0
        eventName: 
      name: damaged
      selectedIndex: 0
      newFramesTime: 0.05
      setFramesTime: 0.1
    file: {fileID: 11400000, guid: cbd23abd0ca5a49c192664310497bc9a, type: 2}
  - animationName: deathrattle
    animation:
      speedRatio: 1
      loop: 0
      frameToLoop: 0
      frameDatas:
      - sprite: {fileID: 21300000, guid: b0833c7668f6042b4886bc61a0905f83, type: 3}
        time: 0.06
        eventEnabled: 0
        eventName: 
      name: deathrattle
      selectedIndex: 0
      newFramesTime: 0.05
      setFramesTime: 0.1
    file: {fileID: 11400000, guid: cbd23abd0ca5a49c192664310497bc9a, type: 2}
  - animationName: dual-strike
    animation:
      speedRatio: 1
      loop: 0
      frameToLoop: 0
      frameDatas:
      - sprite: {fileID: 21300000, guid: 690a45d442c8f41ed861d25deb0e4c01, type: 3}
        time: 0.06
        eventEnabled: 0
        eventName: 
      name: dual-strike
      selectedIndex: 0
      newFramesTime: 0.05
      setFramesTime: 0.1
    file: {fileID: 11400000, guid: cbd23abd0ca5a49c192664310497bc9a, type: 2}
  - animationName: elusive
    animation:
      speedRatio: 1
      loop: 0
      frameToLoop: 0
      frameDatas:
      - sprite: {fileID: 21300000, guid: 00c99f82299ab4dfba7c36d580146173, type: 3}
        time: 0.06
        eventEnabled: 0
        eventName: 
      name: elusive
      selectedIndex: 0
      newFramesTime: 0.05
      setFramesTime: 0.1
    file: {fileID: 11400000, guid: cbd23abd0ca5a49c192664310497bc9a, type: 2}
  - animationName: enemy
    animation:
      speedRatio: 1
      loop: 0
      frameToLoop: 0
      frameDatas:
      - sprite: {fileID: 21300000, guid: 3d0b6e8e68f9243779f94ecf3b912122, type: 3}
        time: 0.06
        eventEnabled: 0
        eventName: 
      name: enemy
      selectedIndex: 0
      newFramesTime: 0.05
      setFramesTime: 0.1
    file: {fileID: 11400000, guid: cbd23abd0ca5a49c192664310497bc9a, type: 2}
  - animationName: flying
    animation:
      speedRatio: 1
      loop: 0
      frameToLoop: 0
      frameDatas:
      - sprite: {fileID: 21300000, guid: ffdb3bb8840064991b2af4255a952ee3, type: 3}
        time: 0.06
        eventEnabled: 0
        eventName: 
      name: flying
      selectedIndex: 0
      newFramesTime: 0.05
      setFramesTime: 0.1
    file: {fileID: 11400000, guid: cbd23abd0ca5a49c192664310497bc9a, type: 2}
  - animationName: freeze
    animation:
      speedRatio: 1
      loop: 0
      frameToLoop: 0
      frameDatas:
      - sprite: {fileID: 21300000, guid: 062039287e52e43a68b45caaedebb468, type: 3}
        time: 0.06
        eventEnabled: 0
        eventName: 
      name: freeze
      selectedIndex: 0
      newFramesTime: 0.05
      setFramesTime: 0.1
    file: {fileID: 11400000, guid: cbd23abd0ca5a49c192664310497bc9a, type: 2}
  - animationName: generic-minion
    animation:
      speedRatio: 1
      loop: 0
      frameToLoop: 0
      frameDatas:
      - sprite: {fileID: 21300000, guid: 574ced591cf1a4a9aa4b92a60d2b74e4, type: 3}
        time: 0.06
        eventEnabled: 0
        eventName: 
      name: generic-minion
      selectedIndex: 0
      newFramesTime: 0.05
      setFramesTime: 0.1
    file: {fileID: 11400000, guid: cbd23abd0ca5a49c192664310497bc9a, type: 2}
  - animationName: generic-spell
    animation:
      speedRatio: 1
      loop: 0
      frameToLoop: 0
      frameDatas:
      - sprite: {fileID: 21300000, guid: 189153febd5284c2d85e97c6053f631c, type: 3}
        time: 0.06
        eventEnabled: 0
        eventName: 
      name: generic-spell
      selectedIndex: 0
      newFramesTime: 0.05
      setFramesTime: 0.1
    file: {fileID: 11400000, guid: cbd23abd0ca5a49c192664310497bc9a, type: 2}
  - animationName: generic-trick
    animation:
      speedRatio: 1
      loop: 0
      frameToLoop: 0
      frameDatas:
      - sprite: {fileID: 21300000, guid: edf44ab9b945d41e19d1f966e46a8035, type: 3}
        time: 0.06
        eventEnabled: 0
        eventName: 
      name: generic-trick
      selectedIndex: 0
      newFramesTime: 0.05
      setFramesTime: 0.1
    file: {fileID: 11400000, guid: cbd23abd0ca5a49c192664310497bc9a, type: 2}
  - animationName: lifesteal
    animation:
      speedRatio: 1
      loop: 0
      frameToLoop: 0
      frameDatas:
      - sprite: {fileID: 21300000, guid: 65bf42bbeac934d4aab5ae7b205314a8, type: 3}
        time: 0.06
        eventEnabled: 0
        eventName: 
      name: lifesteal
      selectedIndex: 0
      newFramesTime: 0.05
      setFramesTime: 0.1
    file: {fileID: 11400000, guid: cbd23abd0ca5a49c192664310497bc9a, type: 2}
  - animationName: none
    animation:
      speedRatio: 1
      loop: 0
      frameToLoop: 0
      frameDatas:
      - sprite: {fileID: 21300000, guid: 88762e65b579a47a29265ce0d71edd9a, type: 3}
        time: 0.04
        eventEnabled: 0
        eventName: 
      name: none
      selectedIndex: 0
      newFramesTime: 0.05
      setFramesTime: 0.1
    file: {fileID: 11400000, guid: cbd23abd0ca5a49c192664310497bc9a, type: 2}
  - animationName: pierce
    animation:
      speedRatio: 1
      loop: 0
      frameToLoop: 0
      frameDatas:
      - sprite: {fileID: 21300000, guid: 84dad8c4955894f748e9585b4a6640ba, type: 3}
        time: 0.06
        eventEnabled: 0
        eventName: 
      name: pierce
      selectedIndex: 0
      newFramesTime: 0.05
      setFramesTime: 0.1
    file: {fileID: 11400000, guid: cbd23abd0ca5a49c192664310497bc9a, type: 2}
  - animationName: poisonous
    animation:
      speedRatio: 1
      loop: 0
      frameToLoop: 0
      frameDatas:
      - sprite: {fileID: 21300000, guid: 5be8f3f6bb68649d2953acfa2bbe00eb, type: 3}
        time: 0.06
        eventEnabled: 0
        eventName: 
      name: poisonous
      selectedIndex: 0
      newFramesTime: 0.05
      setFramesTime: 0.1
    file: {fileID: 11400000, guid: cbd23abd0ca5a49c192664310497bc9a, type: 2}
  - animationName: silence
    animation:
      speedRatio: 1
      loop: 0
      frameToLoop: 0
      frameDatas:
      - sprite: {fileID: 21300000, guid: e8e84b7fd18d54169a58d5bc8ce42afb, type: 3}
        time: 0.06
        eventEnabled: 0
        eventName: 
      name: silence
      selectedIndex: 0
      newFramesTime: 0.05
      setFramesTime: 0.1
    file: {fileID: 11400000, guid: cbd23abd0ca5a49c192664310497bc9a, type: 2}
  - animationName: taunt
    animation:
      speedRatio: 1
      loop: 0
      frameToLoop: 0
      frameDatas:
      - sprite: {fileID: 21300000, guid: 1a74bf3359d284f47a6207442d081a99, type: 3}
        time: 0.06
        eventEnabled: 0
        eventName: 
      name: taunt
      selectedIndex: 0
      newFramesTime: 0.05
      setFramesTime: 0.1
    file: {fileID: 11400000, guid: cbd23abd0ca5a49c192664310497bc9a, type: 2}
  - animationName: thorns
    animation:
      speedRatio: 1
      loop: 0
      frameToLoop: 0
      frameDatas:
      - sprite: {fileID: 21300000, guid: 3a462ef6c8fd545d2bbc59172bbdc2a6, type: 3}
        time: 0.06
        eventEnabled: 0
        eventName: 
      name: thorns
      selectedIndex: 0
      newFramesTime: 0.05
      setFramesTime: 0.1
    file: {fileID: 11400000, guid: cbd23abd0ca5a49c192664310497bc9a, type: 2}
  - animationName: tough
    animation:
      speedRatio: 1
      loop: 0
      frameToLoop: 0
      frameDatas:
      - sprite: {fileID: 21300000, guid: fbb533744f34445a6979b68093430e7a, type: 3}
        time: 0.06
        eventEnabled: 0
        eventName: 
      name: tough
      selectedIndex: 0
      newFramesTime: 0.05
      setFramesTime: 0.1
    file: {fileID: 11400000, guid: cbd23abd0ca5a49c192664310497bc9a, type: 2}
  - animationName: turn-end
    animation:
      speedRatio: 1
      loop: 0
      frameToLoop: 0
      frameDatas:
      - sprite: {fileID: 21300000, guid: 126868bba76d64f76a44608255134d01, type: 3}
        time: 0.06
        eventEnabled: 0
        eventName: 
      name: turn-end
      selectedIndex: 0
      newFramesTime: 0.05
      setFramesTime: 0.1
    file: {fileID: 11400000, guid: cbd23abd0ca5a49c192664310497bc9a, type: 2}
  - animationName: turn-start
    animation:
      speedRatio: 1
      loop: 0
      frameToLoop: 0
      frameDatas:
      - sprite: {fileID: 21300000, guid: de78ca994e55448a196be77b30767702, type: 3}
        time: 0.06
        eventEnabled: 0
        eventName: 
      name: turn-start
      selectedIndex: 0
      newFramesTime: 0.05
      setFramesTime: 0.1
    file: {fileID: 11400000, guid: cbd23abd0ca5a49c192664310497bc9a, type: 2}
  animationAsset: {fileID: 11400000, guid: cbd23abd0ca5a49c192664310497bc9a, type: 2}
  mode: 0
--- !u!1 &4067883729325565719
GameObject:
  m_ObjectHideFlags: 0
  m_CorrespondingSourceObject: {fileID: 0}
  m_PrefabInstance: {fileID: 0}
  m_PrefabAsset: {fileID: 0}
  serializedVersion: 6
  m_Component:
  - component: {fileID: 4067883729325565716}
  - component: {fileID: 4067883729325565706}
  - component: {fileID: 4067883729325565717}
  m_Layer: 5
  m_Name: SelectionArrow
  m_TagString: Untagged
  m_Icon: {fileID: 0}
  m_NavMeshLayer: 0
  m_StaticEditorFlags: 0
  m_IsActive: 1
--- !u!224 &4067883729325565716
RectTransform:
  m_ObjectHideFlags: 0
  m_CorrespondingSourceObject: {fileID: 0}
  m_PrefabInstance: {fileID: 0}
  m_PrefabAsset: {fileID: 0}
  m_GameObject: {fileID: 4067883729325565719}
  m_LocalRotation: {x: -0, y: -0, z: -0, w: 1}
  m_LocalPosition: {x: 0, y: 0, z: 0}
  m_LocalScale: {x: 1, y: 1, z: 1}
  m_Children: []
  m_Father: {fileID: 4067883730478695746}
  m_RootOrder: 2
  m_LocalEulerAnglesHint: {x: 0, y: 0, z: 0}
  m_AnchorMin: {x: 1, y: 0.5}
  m_AnchorMax: {x: 1, y: 0.5}
  m_AnchoredPosition: {x: -0, y: 0.5}
  m_SizeDelta: {x: 10, y: 15}
  m_Pivot: {x: 1, y: 0.5}
--- !u!222 &4067883729325565706
CanvasRenderer:
  m_ObjectHideFlags: 0
  m_CorrespondingSourceObject: {fileID: 0}
  m_PrefabInstance: {fileID: 0}
  m_PrefabAsset: {fileID: 0}
  m_GameObject: {fileID: 4067883729325565719}
  m_CullTransparentMesh: 0
--- !u!114 &4067883729325565717
MonoBehaviour:
  m_ObjectHideFlags: 0
  m_CorrespondingSourceObject: {fileID: 0}
  m_PrefabInstance: {fileID: 0}
  m_PrefabAsset: {fileID: 0}
  m_GameObject: {fileID: 4067883729325565719}
  m_Enabled: 1
  m_EditorHideFlags: 0
  m_Script: {fileID: 11500000, guid: fe87c0e1cc204ed48ad3b37840f39efc, type: 3}
  m_Name: 
  m_EditorClassIdentifier: 
  m_Material: {fileID: 0}
  m_Color: {r: 1, g: 1, b: 1, a: 1}
  m_RaycastTarget: 1
  m_RaycastPadding: {x: 0, y: 0, z: 0, w: 0}
  m_Maskable: 1
  m_OnCullStateChanged:
    m_PersistentCalls:
      m_Calls: []
  m_Sprite: {fileID: 21300000, guid: 1e5b5e081bb2c4e3fa57ab4545c73864, type: 3}
  m_Type: 0
  m_PreserveAspect: 0
  m_FillCenter: 1
  m_FillMethod: 4
  m_FillAmount: 1
  m_FillClockwise: 1
  m_FillOrigin: 0
  m_UseSpriteMesh: 0
  m_PixelsPerUnitMultiplier: 1
--- !u!1 &4067883730305917567
GameObject:
  m_ObjectHideFlags: 0
  m_CorrespondingSourceObject: {fileID: 0}
  m_PrefabInstance: {fileID: 0}
  m_PrefabAsset: {fileID: 0}
  serializedVersion: 6
  m_Component:
  - component: {fileID: 4067883730305917564}
  - component: {fileID: 4067883730305917554}
  - component: {fileID: 4067883730305917565}
  - component: {fileID: 461149184727125276}
  m_Layer: 5
  m_Name: InactiveContent
  m_TagString: Untagged
  m_Icon: {fileID: 0}
  m_NavMeshLayer: 0
  m_StaticEditorFlags: 0
  m_IsActive: 1
--- !u!224 &4067883730305917564
RectTransform:
  m_ObjectHideFlags: 0
  m_CorrespondingSourceObject: {fileID: 0}
  m_PrefabInstance: {fileID: 0}
  m_PrefabAsset: {fileID: 0}
  m_GameObject: {fileID: 4067883730305917567}
  m_LocalRotation: {x: 0, y: 0, z: 0, w: 1}
  m_LocalPosition: {x: 0, y: 0, z: 0}
  m_LocalScale: {x: 1, y: 1, z: 1}
  m_Children:
  - {fileID: 4067883731259659135}
  - {fileID: 7552965528107414395}
  m_Father: {fileID: 4067883730597817408}
  m_RootOrder: 0
  m_LocalEulerAnglesHint: {x: 0, y: 0, z: 0}
  m_AnchorMin: {x: 0.5, y: 0.5}
  m_AnchorMax: {x: 0.5, y: 0.5}
  m_AnchoredPosition: {x: 0, y: 0}
  m_SizeDelta: {x: 96, y: 17}
  m_Pivot: {x: 0.5, y: 0.5}
--- !u!222 &4067883730305917554
CanvasRenderer:
  m_ObjectHideFlags: 0
  m_CorrespondingSourceObject: {fileID: 0}
  m_PrefabInstance: {fileID: 0}
  m_PrefabAsset: {fileID: 0}
  m_GameObject: {fileID: 4067883730305917567}
  m_CullTransparentMesh: 0
--- !u!114 &4067883730305917565
MonoBehaviour:
  m_ObjectHideFlags: 0
  m_CorrespondingSourceObject: {fileID: 0}
  m_PrefabInstance: {fileID: 0}
  m_PrefabAsset: {fileID: 0}
  m_GameObject: {fileID: 4067883730305917567}
  m_Enabled: 1
  m_EditorHideFlags: 0
  m_Script: {fileID: 11500000, guid: fe87c0e1cc204ed48ad3b37840f39efc, type: 3}
  m_Name: 
  m_EditorClassIdentifier: 
  m_Material: {fileID: 0}
  m_Color: {r: 0.69803923, g: 0.5882353, b: 0.47058824, a: 1}
  m_RaycastTarget: 1
  m_RaycastPadding: {x: 0, y: 0, z: 0, w: 0}
  m_Maskable: 0
  m_OnCullStateChanged:
    m_PersistentCalls:
      m_Calls: []
  m_Sprite: {fileID: 21300000, guid: cb9b4910ddbad4b3884bf493479218dc, type: 3}
  m_Type: 1
  m_PreserveAspect: 0
  m_FillCenter: 1
  m_FillMethod: 4
  m_FillAmount: 1
  m_FillClockwise: 1
  m_FillOrigin: 0
  m_UseSpriteMesh: 0
  m_PixelsPerUnitMultiplier: 1
--- !u!114 &461149184727125276
MonoBehaviour:
  m_ObjectHideFlags: 0
  m_CorrespondingSourceObject: {fileID: 0}
  m_PrefabInstance: {fileID: 0}
  m_PrefabAsset: {fileID: 0}
  m_GameObject: {fileID: 4067883730305917567}
  m_Enabled: 1
  m_EditorHideFlags: 0
  m_Script: {fileID: 11500000, guid: c88f4b60cf984d798eee92c2c0346085, type: 3}
  m_Name: 
  m_EditorClassIdentifier: 
  contentType: 0
  nameLabel: {fileID: 4067883731259659132}
  icon: {fileID: 0}
  background: {fileID: 0}
  iconAnimator: {fileID: 1531049286060734762}
--- !u!1 &4067883730478695757
GameObject:
  m_ObjectHideFlags: 0
  m_CorrespondingSourceObject: {fileID: 0}
  m_PrefabInstance: {fileID: 0}
  m_PrefabAsset: {fileID: 0}
  serializedVersion: 6
  m_Component:
  - component: {fileID: 4067883730478695746}
  - component: {fileID: 4067883730478695745}
  - component: {fileID: 4067883730478695744}
  - component: {fileID: 865366153730425553}
  m_Layer: 5
  m_Name: SelectedContent
  m_TagString: Untagged
  m_Icon: {fileID: 0}
  m_NavMeshLayer: 0
  m_StaticEditorFlags: 0
  m_IsActive: 0
--- !u!224 &4067883730478695746
RectTransform:
  m_ObjectHideFlags: 0
  m_CorrespondingSourceObject: {fileID: 0}
  m_PrefabInstance: {fileID: 0}
  m_PrefabAsset: {fileID: 0}
  m_GameObject: {fileID: 4067883730478695757}
  m_LocalRotation: {x: 0, y: 0, z: 0, w: 1}
  m_LocalPosition: {x: 0, y: 0, z: 0}
  m_LocalScale: {x: 1, y: 1, z: 1}
  m_Children:
  - {fileID: 4067883730750184395}
  - {fileID: 8738097984297102356}
  - {fileID: 4067883729325565716}
  m_Father: {fileID: 4067883730597817408}
  m_RootOrder: 1
  m_LocalEulerAnglesHint: {x: 0, y: 0, z: 0}
  m_AnchorMin: {x: 0.5, y: 0.5}
  m_AnchorMax: {x: 0.5, y: 0.5}
  m_AnchoredPosition: {x: 1, y: -1}
  m_SizeDelta: {x: 102, y: 23}
  m_Pivot: {x: 0.5, y: 0.5}
--- !u!222 &4067883730478695745
CanvasRenderer:
  m_ObjectHideFlags: 0
  m_CorrespondingSourceObject: {fileID: 0}
  m_PrefabInstance: {fileID: 0}
  m_PrefabAsset: {fileID: 0}
  m_GameObject: {fileID: 4067883730478695757}
  m_CullTransparentMesh: 0
--- !u!114 &4067883730478695744
MonoBehaviour:
  m_ObjectHideFlags: 0
  m_CorrespondingSourceObject: {fileID: 0}
  m_PrefabInstance: {fileID: 0}
  m_PrefabAsset: {fileID: 0}
  m_GameObject: {fileID: 4067883730478695757}
  m_Enabled: 1
  m_EditorHideFlags: 0
  m_Script: {fileID: 11500000, guid: fe87c0e1cc204ed48ad3b37840f39efc, type: 3}
  m_Name: 
  m_EditorClassIdentifier: 
  m_Material: {fileID: 0}
  m_Color: {r: 0.69803923, g: 0.5882353, b: 0.47058824, a: 1}
  m_RaycastTarget: 1
  m_RaycastPadding: {x: 0, y: 0, z: 0, w: 0}
  m_Maskable: 0
  m_OnCullStateChanged:
    m_PersistentCalls:
      m_Calls: []
  m_Sprite: {fileID: 21300000, guid: 09d673b68318f4f3eb4b0db0969fa5b4, type: 3}
  m_Type: 1
  m_PreserveAspect: 0
  m_FillCenter: 1
  m_FillMethod: 4
  m_FillAmount: 1
  m_FillClockwise: 1
  m_FillOrigin: 0
  m_UseSpriteMesh: 0
  m_PixelsPerUnitMultiplier: 1
--- !u!114 &865366153730425553
MonoBehaviour:
  m_ObjectHideFlags: 0
  m_CorrespondingSourceObject: {fileID: 0}
  m_PrefabInstance: {fileID: 0}
  m_PrefabAsset: {fileID: 0}
  m_GameObject: {fileID: 4067883730478695757}
  m_Enabled: 1
  m_EditorHideFlags: 0
  m_Script: {fileID: 11500000, guid: c88f4b60cf984d798eee92c2c0346085, type: 3}
  m_Name: 
  m_EditorClassIdentifier: 
  contentType: 0
  nameLabel: {fileID: 4067883730750184392}
  icon: {fileID: 0}
  background: {fileID: 0}
  iconAnimator: {fileID: 4046558291588658502}
--- !u!1 &4067883730597817411
GameObject:
  m_ObjectHideFlags: 0
  m_CorrespondingSourceObject: {fileID: 0}
  m_PrefabInstance: {fileID: 0}
  m_PrefabAsset: {fileID: 0}
  serializedVersion: 6
  m_Component:
  - component: {fileID: 4067883730597817408}
  - component: {fileID: 4067883730597817409}
  - component: {fileID: 8967794264261271063}
  m_Layer: 5
  m_Name: KeywordFilterDropdownItem
  m_TagString: Untagged
  m_Icon: {fileID: 0}
  m_NavMeshLayer: 0
  m_StaticEditorFlags: 0
  m_IsActive: 1
--- !u!224 &4067883730597817408
RectTransform:
  m_ObjectHideFlags: 0
  m_CorrespondingSourceObject: {fileID: 0}
  m_PrefabInstance: {fileID: 0}
  m_PrefabAsset: {fileID: 0}
  m_GameObject: {fileID: 4067883730597817411}
  m_LocalRotation: {x: 0, y: 0, z: 0, w: 1}
  m_LocalPosition: {x: 0, y: 0, z: 0}
  m_LocalScale: {x: 1, y: 1, z: 1}
  m_Children:
  - {fileID: 4067883730305917564}
  - {fileID: 4067883730478695746}
  m_Father: {fileID: 0}
  m_RootOrder: 0
  m_LocalEulerAnglesHint: {x: 0, y: 0, z: 0}
  m_AnchorMin: {x: 0, y: 0}
  m_AnchorMax: {x: 0, y: 0}
  m_AnchoredPosition: {x: 0, y: 0}
  m_SizeDelta: {x: 0, y: 0}
  m_Pivot: {x: 0.5, y: 0.5}
--- !u!114 &4067883730597817409
MonoBehaviour:
  m_ObjectHideFlags: 0
  m_CorrespondingSourceObject: {fileID: 0}
  m_PrefabInstance: {fileID: 0}
  m_PrefabAsset: {fileID: 0}
  m_GameObject: {fileID: 4067883730597817411}
  m_Enabled: 1
  m_EditorHideFlags: 0
  m_Script: {fileID: 11500000, guid: 84ab851824a2d401990be3dac6f628fe, type: 3}
  m_Name: 
  m_EditorClassIdentifier: 
  inactiveContent: {fileID: 461149184727125276}
  selectedContent: {fileID: 865366153730425553}
  data:
    value: 
    name: 
    icon: {fileID: 0}
    color: {r: 0, g: 0, b: 0, a: 0}
    iconAnimation: 
--- !u!114 &8967794264261271063
MonoBehaviour:
  m_ObjectHideFlags: 0
  m_CorrespondingSourceObject: {fileID: 0}
  m_PrefabInstance: {fileID: 0}
  m_PrefabAsset: {fileID: 0}
  m_GameObject: {fileID: 4067883730597817411}
  m_Enabled: 1
  m_EditorHideFlags: 0
  m_Script: {fileID: 11500000, guid: 4e29b1a8efbd4b44bb3f3716e73f07ff, type: 3}
  m_Name: 
  m_EditorClassIdentifier: 
  m_Navigation:
    m_Mode: 3
    m_WrapAround: 0
    m_SelectOnUp: {fileID: 0}
    m_SelectOnDown: {fileID: 0}
    m_SelectOnLeft: {fileID: 0}
    m_SelectOnRight: {fileID: 0}
  m_Transition: 0
  m_Colors:
    m_NormalColor: {r: 1, g: 1, b: 1, a: 1}
    m_HighlightedColor: {r: 0.9607843, g: 0.9607843, b: 0.9607843, a: 1}
    m_PressedColor: {r: 0.78431374, g: 0.78431374, b: 0.78431374, a: 1}
    m_SelectedColor: {r: 0.9607843, g: 0.9607843, b: 0.9607843, a: 1}
    m_DisabledColor: {r: 0.78431374, g: 0.78431374, b: 0.78431374, a: 0.5019608}
    m_ColorMultiplier: 1
    m_FadeDuration: 0.1
  m_SpriteState:
    m_HighlightedSprite: {fileID: 0}
    m_PressedSprite: {fileID: 0}
    m_SelectedSprite: {fileID: 0}
    m_DisabledSprite: {fileID: 0}
  m_AnimationTriggers:
    m_NormalTrigger: Normal
    m_HighlightedTrigger: Highlighted
    m_PressedTrigger: Pressed
    m_SelectedTrigger: Highlighted
    m_DisabledTrigger: Disabled
  m_Interactable: 1
  m_TargetGraphic: {fileID: 0}
  m_OnClick:
    m_PersistentCalls:
      m_Calls: []
--- !u!1 &4067883730750184394
GameObject:
  m_ObjectHideFlags: 0
  m_CorrespondingSourceObject: {fileID: 0}
  m_PrefabInstance: {fileID: 0}
  m_PrefabAsset: {fileID: 0}
  serializedVersion: 6
  m_Component:
  - component: {fileID: 4067883730750184395}
  - component: {fileID: 4067883730750184393}
  - component: {fileID: 4067883730750184392}
  m_Layer: 5
  m_Name: ContentName
  m_TagString: Untagged
  m_Icon: {fileID: 0}
  m_NavMeshLayer: 0
  m_StaticEditorFlags: 0
  m_IsActive: 1
--- !u!224 &4067883730750184395
RectTransform:
  m_ObjectHideFlags: 0
  m_CorrespondingSourceObject: {fileID: 0}
  m_PrefabInstance: {fileID: 0}
  m_PrefabAsset: {fileID: 0}
  m_GameObject: {fileID: 4067883730750184394}
  m_LocalRotation: {x: 0, y: 0, z: 0, w: 1}
  m_LocalPosition: {x: 0, y: 0, z: 0}
  m_LocalScale: {x: 1, y: 1, z: 1}
  m_Children: []
  m_Father: {fileID: 4067883730478695746}
  m_RootOrder: 0
  m_LocalEulerAnglesHint: {x: 0, y: 0, z: 0}
  m_AnchorMin: {x: 0, y: 0}
  m_AnchorMax: {x: 1, y: 1}
  m_AnchoredPosition: {x: 3.5, y: -0.75}
  m_SizeDelta: {x: -7, y: -5.5}
  m_Pivot: {x: 0.5, y: 0.5}
--- !u!222 &4067883730750184393
CanvasRenderer:
  m_ObjectHideFlags: 0
  m_CorrespondingSourceObject: {fileID: 0}
  m_PrefabInstance: {fileID: 0}
  m_PrefabAsset: {fileID: 0}
  m_GameObject: {fileID: 4067883730750184394}
  m_CullTransparentMesh: 0
--- !u!114 &4067883730750184392
MonoBehaviour:
  m_ObjectHideFlags: 0
  m_CorrespondingSourceObject: {fileID: 0}
  m_PrefabInstance: {fileID: 0}
  m_PrefabAsset: {fileID: 0}
  m_GameObject: {fileID: 4067883730750184394}
  m_Enabled: 1
  m_EditorHideFlags: 0
  m_Script: {fileID: 11500000, guid: f4688fdb7df04437aeb418b961361dc5, type: 3}
  m_Name: 
  m_EditorClassIdentifier: 
  m_Material: {fileID: 0}
  m_Color: {r: 1, g: 1, b: 1, a: 1}
  m_RaycastTarget: 1
  m_RaycastPadding: {x: 0, y: 0, z: 0, w: 0}
  m_Maskable: 1
  m_OnCullStateChanged:
    m_PersistentCalls:
      m_Calls: []
  m_text: DUAL STRIKE
  m_isRightToLeft: 0
  m_fontAsset: {fileID: 11400000, guid: 3d3815ff95299437bb784ca7d5b66f92, type: 2}
  m_sharedMaterial: {fileID: 21019449701483084, guid: 3d3815ff95299437bb784ca7d5b66f92,
    type: 2}
  m_fontSharedMaterials: []
  m_fontMaterial: {fileID: 0}
  m_fontMaterials: []
  m_fontColor32:
    serializedVersion: 2
    rgba: 4292074724
  m_fontColor: {r: 0.8941177, g: 0.86274517, b: 0.82745105, a: 1}
  m_enableVertexGradient: 0
  m_colorMode: 3
  m_fontColorGradient:
    topLeft: {r: 1, g: 1, b: 1, a: 1}
    topRight: {r: 1, g: 1, b: 1, a: 1}
    bottomLeft: {r: 1, g: 1, b: 1, a: 1}
    bottomRight: {r: 1, g: 1, b: 1, a: 1}
  m_fontColorGradientPreset: {fileID: 0}
  m_spriteAsset: {fileID: 0}
  m_tintAllSprites: 0
  m_StyleSheet: {fileID: 0}
  m_TextStyleHashCode: -1183493901
  m_overrideHtmlColors: 0
  m_faceColor:
    serializedVersion: 2
    rgba: 4294967295
  m_fontSize: 14
  m_fontSizeBase: 14
  m_fontWeight: 400
  m_enableAutoSizing: 0
  m_fontSizeMin: 18
  m_fontSizeMax: 72
  m_fontStyle: 0
  m_HorizontalAlignment: 1
  m_VerticalAlignment: 256
  m_textAlignment: 65535
  m_characterSpacing: 0
  m_wordSpacing: -32
  m_lineSpacing: 0
  m_lineSpacingMax: 0
  m_paragraphSpacing: 0
  m_charWidthMaxAdj: 0
  m_enableWordWrapping: 1
  m_wordWrappingRatios: 0.4
  m_overflowMode: 0
  m_linkedTextComponent: {fileID: 0}
  parentLinkedComponent: {fileID: 0}
  m_enableKerning: 1
  m_enableExtraPadding: 0
  checkPaddingRequired: 0
  m_isRichText: 1
  m_parseCtrlCharacters: 1
  m_isOrthographic: 1
  m_isCullingEnabled: 0
  m_horizontalMapping: 0
  m_verticalMapping: 0
  m_uvLineOffset: 0
  m_geometrySortingOrder: 0
  m_IsTextObjectScaleStatic: 0
  m_VertexBufferAutoSizeReduction: 1
  m_useMaxVisibleDescender: 1
  m_pageToDisplay: 1
  m_margin: {x: 0, y: 0, z: 0, w: 0}
  m_isUsingLegacyAnimationComponent: 0
  m_isVolumetricText: 0
  m_hasFontAssetChanged: 0
  m_baseMaterial: {fileID: 0}
  m_maskOffset: {x: 0, y: 0, z: 0, w: 0}
--- !u!1 &4067883731259659134
GameObject:
  m_ObjectHideFlags: 0
  m_CorrespondingSourceObject: {fileID: 0}
  m_PrefabInstance: {fileID: 0}
  m_PrefabAsset: {fileID: 0}
  serializedVersion: 6
  m_Component:
  - component: {fileID: 4067883731259659135}
  - component: {fileID: 4067883731259659133}
  - component: {fileID: 4067883731259659132}
  m_Layer: 5
  m_Name: ContentName
  m_TagString: Untagged
  m_Icon: {fileID: 0}
  m_NavMeshLayer: 0
  m_StaticEditorFlags: 0
  m_IsActive: 1
--- !u!224 &4067883731259659135
RectTransform:
  m_ObjectHideFlags: 0
  m_CorrespondingSourceObject: {fileID: 0}
  m_PrefabInstance: {fileID: 0}
  m_PrefabAsset: {fileID: 0}
  m_GameObject: {fileID: 4067883731259659134}
  m_LocalRotation: {x: 0, y: 0, z: 0, w: 1}
  m_LocalPosition: {x: 0, y: 0, z: 0}
  m_LocalScale: {x: 1, y: 1, z: 1}
  m_Children: []
  m_Father: {fileID: 4067883730305917564}
  m_RootOrder: 0
  m_LocalEulerAnglesHint: {x: 0, y: 0, z: 0}
  m_AnchorMin: {x: 0, y: 0}
  m_AnchorMax: {x: 1, y: 1}
  m_AnchoredPosition: {x: 1.25, y: -0.75}
  m_SizeDelta: {x: -7.5, y: -1.5}
  m_Pivot: {x: 0.5, y: 0.5}
--- !u!222 &4067883731259659133
CanvasRenderer:
  m_ObjectHideFlags: 0
  m_CorrespondingSourceObject: {fileID: 0}
  m_PrefabInstance: {fileID: 0}
  m_PrefabAsset: {fileID: 0}
  m_GameObject: {fileID: 4067883731259659134}
  m_CullTransparentMesh: 0
--- !u!114 &4067883731259659132
MonoBehaviour:
  m_ObjectHideFlags: 0
  m_CorrespondingSourceObject: {fileID: 0}
  m_PrefabInstance: {fileID: 0}
  m_PrefabAsset: {fileID: 0}
  m_GameObject: {fileID: 4067883731259659134}
  m_Enabled: 1
  m_EditorHideFlags: 0
  m_Script: {fileID: 11500000, guid: f4688fdb7df04437aeb418b961361dc5, type: 3}
  m_Name: 
  m_EditorClassIdentifier: 
  m_Material: {fileID: 0}
  m_Color: {r: 1, g: 1, b: 1, a: 1}
  m_RaycastTarget: 1
  m_RaycastPadding: {x: 0, y: 0, z: 0, w: 0}
  m_Maskable: 1
  m_OnCullStateChanged:
    m_PersistentCalls:
      m_Calls: []
  m_text: DUAL STRIKE
  m_isRightToLeft: 0
  m_fontAsset: {fileID: 11400000, guid: 3d3815ff95299437bb784ca7d5b66f92, type: 2}
  m_sharedMaterial: {fileID: 21019449701483084, guid: 3d3815ff95299437bb784ca7d5b66f92,
    type: 2}
  m_fontSharedMaterials: []
  m_fontMaterial: {fileID: 0}
  m_fontMaterials: []
  m_fontColor32:
    serializedVersion: 2
    rgba: 4292074724
  m_fontColor: {r: 0.8941177, g: 0.86274517, b: 0.82745105, a: 1}
  m_enableVertexGradient: 0
  m_colorMode: 3
  m_fontColorGradient:
    topLeft: {r: 1, g: 1, b: 1, a: 1}
    topRight: {r: 1, g: 1, b: 1, a: 1}
    bottomLeft: {r: 1, g: 1, b: 1, a: 1}
    bottomRight: {r: 1, g: 1, b: 1, a: 1}
  m_fontColorGradientPreset: {fileID: 0}
  m_spriteAsset: {fileID: 0}
  m_tintAllSprites: 0
  m_StyleSheet: {fileID: 0}
  m_TextStyleHashCode: -1183493901
  m_overrideHtmlColors: 0
  m_faceColor:
    serializedVersion: 2
    rgba: 4294967295
  m_fontSize: 14
  m_fontSizeBase: 14
  m_fontWeight: 400
  m_enableAutoSizing: 0
  m_fontSizeMin: 18
  m_fontSizeMax: 72
  m_fontStyle: 0
  m_HorizontalAlignment: 1
  m_VerticalAlignment: 256
  m_textAlignment: 65535
  m_characterSpacing: 0
  m_wordSpacing: -32
  m_lineSpacing: 0
  m_lineSpacingMax: 0
  m_paragraphSpacing: 0
  m_charWidthMaxAdj: 0
  m_enableWordWrapping: 1
  m_wordWrappingRatios: 0.4
  m_overflowMode: 0
  m_linkedTextComponent: {fileID: 0}
  parentLinkedComponent: {fileID: 0}
  m_enableKerning: 1
  m_enableExtraPadding: 0
  checkPaddingRequired: 0
  m_isRichText: 1
  m_parseCtrlCharacters: 1
  m_isOrthographic: 1
  m_isCullingEnabled: 0
  m_horizontalMapping: 0
  m_verticalMapping: 0
  m_uvLineOffset: 0
  m_geometrySortingOrder: 0
  m_IsTextObjectScaleStatic: 0
  m_VertexBufferAutoSizeReduction: 1
  m_useMaxVisibleDescender: 1
  m_pageToDisplay: 1
  m_margin: {x: 0, y: 0, z: 0, w: 0}
  m_isUsingLegacyAnimationComponent: 0
  m_isVolumetricText: 0
  m_hasFontAssetChanged: 0
  m_baseMaterial: {fileID: 0}
  m_maskOffset: {x: 0, y: 0, z: 0, w: 0}
--- !u!1 &4156554352449641612
GameObject:
  m_ObjectHideFlags: 0
  m_CorrespondingSourceObject: {fileID: 0}
  m_PrefabInstance: {fileID: 0}
  m_PrefabAsset: {fileID: 0}
  serializedVersion: 6
  m_Component:
  - component: {fileID: 8738097984297102356}
  - component: {fileID: 9040072011220400020}
  - component: {fileID: 2943971647694429901}
  - component: {fileID: 4046558291588658502}
  m_Layer: 5
  m_Name: IconAnimator
  m_TagString: Untagged
  m_Icon: {fileID: 0}
  m_NavMeshLayer: 0
  m_StaticEditorFlags: 0
  m_IsActive: 1
--- !u!224 &8738097984297102356
RectTransform:
  m_ObjectHideFlags: 0
  m_CorrespondingSourceObject: {fileID: 0}
  m_PrefabInstance: {fileID: 0}
  m_PrefabAsset: {fileID: 0}
  m_GameObject: {fileID: 4156554352449641612}
  m_LocalRotation: {x: -0, y: -0, z: -0, w: 1}
  m_LocalPosition: {x: 0, y: 0, z: 0}
  m_LocalScale: {x: 1, y: 1, z: 1}
  m_Children: []
  m_Father: {fileID: 4067883730478695746}
  m_RootOrder: 1
  m_LocalEulerAnglesHint: {x: 0, y: 0, z: 0}
  m_AnchorMin: {x: 0, y: 0.5}
  m_AnchorMax: {x: 0, y: 0.5}
  m_AnchoredPosition: {x: -13, y: 1}
  m_SizeDelta: {x: 17, y: 17}
  m_Pivot: {x: 0, y: 0.5}
--- !u!222 &9040072011220400020
CanvasRenderer:
  m_ObjectHideFlags: 0
  m_CorrespondingSourceObject: {fileID: 0}
  m_PrefabInstance: {fileID: 0}
  m_PrefabAsset: {fileID: 0}
  m_GameObject: {fileID: 4156554352449641612}
  m_CullTransparentMesh: 0
--- !u!114 &2943971647694429901
MonoBehaviour:
  m_ObjectHideFlags: 0
  m_CorrespondingSourceObject: {fileID: 0}
  m_PrefabInstance: {fileID: 0}
  m_PrefabAsset: {fileID: 0}
  m_GameObject: {fileID: 4156554352449641612}
  m_Enabled: 1
  m_EditorHideFlags: 0
  m_Script: {fileID: 11500000, guid: fe87c0e1cc204ed48ad3b37840f39efc, type: 3}
  m_Name: 
  m_EditorClassIdentifier: 
  m_Material: {fileID: 0}
  m_Color: {r: 1, g: 1, b: 1, a: 1}
  m_RaycastTarget: 0
  m_RaycastPadding: {x: 0, y: 0, z: 0, w: 0}
  m_Maskable: 0
  m_OnCullStateChanged:
    m_PersistentCalls:
      m_Calls: []
  m_Sprite: {fileID: 21300000, guid: 109a84d514de44c85b3c50eedfcd2431, type: 3}
  m_Type: 0
  m_PreserveAspect: 0
  m_FillCenter: 1
  m_FillMethod: 4
  m_FillAmount: 1
  m_FillClockwise: 1
  m_FillOrigin: 0
  m_UseSpriteMesh: 0
  m_PixelsPerUnitMultiplier: 1
--- !u!114 &4046558291588658502
MonoBehaviour:
  m_ObjectHideFlags: 0
  m_CorrespondingSourceObject: {fileID: 0}
  m_PrefabInstance: {fileID: 0}
  m_PrefabAsset: {fileID: 0}
  m_GameObject: {fileID: 4156554352449641612}
  m_Enabled: 1
  m_EditorHideFlags: 0
  m_Script: {fileID: 11500000, guid: 88fb3ea51bb752b49abd5037a4f40f6a, type: 3}
  m_Name: 
  m_EditorClassIdentifier: 
  playing: 0
  paused: 0
  timer: 0
  animIdx: -1
  currentIdx: 0
  speedRatio: 1
  playFrom: 0
  overrideTimeScale: 0
  timeScaleOverride: 0
  list:
  - animationName: all
    animation:
      speedRatio: 1
      loop: 0
      frameToLoop: 0
      frameDatas:
      - sprite: {fileID: 21300000, guid: 109a84d514de44c85b3c50eedfcd2431, type: 3}
        time: 0.04
        eventEnabled: 0
        eventName: 
      name: all
      selectedIndex: 0
      newFramesTime: 0.05
      setFramesTime: 0.1
    file: {fileID: 11400000, guid: cbd23abd0ca5a49c192664310497bc9a, type: 2}
  - animationName: ally
    animation:
      speedRatio: 1
      loop: 0
      frameToLoop: 0
      frameDatas:
      - sprite: {fileID: 21300000, guid: 039a000a6212942bd86f6eeb87ce1e6e, type: 3}
        time: 0.06
        eventEnabled: 0
        eventName: 
      name: ally
      selectedIndex: 0
      newFramesTime: 0.05
      setFramesTime: 0.1
    file: {fileID: 11400000, guid: cbd23abd0ca5a49c192664310497bc9a, type: 2}
  - animationName: barrier
    animation:
      speedRatio: 1
      loop: 0
      frameToLoop: 0
      frameDatas:
      - sprite: {fileID: 21300000, guid: 41385dec2df0443ccb4ad4ab3b525cf5, type: 3}
        time: 0.06
        eventEnabled: 0
        eventName: 
      name: barrier
      selectedIndex: 0
      newFramesTime: 0.05
      setFramesTime: 0.1
    file: {fileID: 11400000, guid: cbd23abd0ca5a49c192664310497bc9a, type: 2}
  - animationName: battlecry
    animation:
      speedRatio: 1
      loop: 0
      frameToLoop: 0
      frameDatas:
      - sprite: {fileID: 21300000, guid: 5040e4ad577994f4187f6bf2e6000ae2, type: 3}
        time: 0.06
        eventEnabled: 0
        eventName: 
      name: battlecry
      selectedIndex: 0
      newFramesTime: 0.05
      setFramesTime: 0.1
    file: {fileID: 11400000, guid: cbd23abd0ca5a49c192664310497bc9a, type: 2}
  - animationName: counter
    animation:
      speedRatio: 1
      loop: 0
      frameToLoop: 0
      frameDatas:
      - sprite: {fileID: 21300000, guid: 9ea7b69b625e34afba85145871615dfe, type: 3}
        time: 0.06
        eventEnabled: 0
        eventName: 
      name: counter
      selectedIndex: 0
      newFramesTime: 0.05
      setFramesTime: 0.1
    file: {fileID: 11400000, guid: cbd23abd0ca5a49c192664310497bc9a, type: 2}
  - animationName: damaged
    animation:
      speedRatio: 1
      loop: 0
      frameToLoop: 0
      frameDatas:
      - sprite: {fileID: 21300000, guid: b031974ad0caf419fbb99e060c598339, type: 3}
        time: 0.06
        eventEnabled: 0
        eventName: 
      name: damaged
      selectedIndex: 0
      newFramesTime: 0.05
      setFramesTime: 0.1
    file: {fileID: 11400000, guid: cbd23abd0ca5a49c192664310497bc9a, type: 2}
  - animationName: deathrattle
    animation:
      speedRatio: 1
      loop: 0
      frameToLoop: 0
      frameDatas:
      - sprite: {fileID: 21300000, guid: b0833c7668f6042b4886bc61a0905f83, type: 3}
        time: 0.06
        eventEnabled: 0
        eventName: 
      name: deathrattle
      selectedIndex: 0
      newFramesTime: 0.05
      setFramesTime: 0.1
    file: {fileID: 11400000, guid: cbd23abd0ca5a49c192664310497bc9a, type: 2}
  - animationName: dual-strike
    animation:
      speedRatio: 1
      loop: 0
      frameToLoop: 0
      frameDatas:
      - sprite: {fileID: 21300000, guid: 690a45d442c8f41ed861d25deb0e4c01, type: 3}
        time: 0.06
        eventEnabled: 0
        eventName: 
      name: dual-strike
      selectedIndex: 0
      newFramesTime: 0.05
      setFramesTime: 0.1
    file: {fileID: 11400000, guid: cbd23abd0ca5a49c192664310497bc9a, type: 2}
  - animationName: elusive
    animation:
      speedRatio: 1
      loop: 0
      frameToLoop: 0
      frameDatas:
      - sprite: {fileID: 21300000, guid: 00c99f82299ab4dfba7c36d580146173, type: 3}
        time: 0.06
        eventEnabled: 0
        eventName: 
      name: elusive
      selectedIndex: 0
      newFramesTime: 0.05
      setFramesTime: 0.1
    file: {fileID: 11400000, guid: cbd23abd0ca5a49c192664310497bc9a, type: 2}
  - animationName: enemy
    animation:
      speedRatio: 1
      loop: 0
      frameToLoop: 0
      frameDatas:
      - sprite: {fileID: 21300000, guid: 3d0b6e8e68f9243779f94ecf3b912122, type: 3}
        time: 0.06
        eventEnabled: 0
        eventName: 
      name: enemy
      selectedIndex: 0
      newFramesTime: 0.05
      setFramesTime: 0.1
    file: {fileID: 11400000, guid: cbd23abd0ca5a49c192664310497bc9a, type: 2}
  - animationName: flying
    animation:
      speedRatio: 1
      loop: 0
      frameToLoop: 0
      frameDatas:
      - sprite: {fileID: 21300000, guid: ffdb3bb8840064991b2af4255a952ee3, type: 3}
        time: 0.06
        eventEnabled: 0
        eventName: 
      name: flying
      selectedIndex: 0
      newFramesTime: 0.05
      setFramesTime: 0.1
    file: {fileID: 11400000, guid: cbd23abd0ca5a49c192664310497bc9a, type: 2}
  - animationName: freeze
    animation:
      speedRatio: 1
      loop: 0
      frameToLoop: 0
      frameDatas:
      - sprite: {fileID: 21300000, guid: 062039287e52e43a68b45caaedebb468, type: 3}
        time: 0.06
        eventEnabled: 0
        eventName: 
      name: freeze
      selectedIndex: 0
      newFramesTime: 0.05
      setFramesTime: 0.1
    file: {fileID: 11400000, guid: cbd23abd0ca5a49c192664310497bc9a, type: 2}
  - animationName: generic-minion
    animation:
      speedRatio: 1
      loop: 0
      frameToLoop: 0
      frameDatas:
      - sprite: {fileID: 21300000, guid: 574ced591cf1a4a9aa4b92a60d2b74e4, type: 3}
        time: 0.06
        eventEnabled: 0
        eventName: 
      name: generic-minion
      selectedIndex: 0
      newFramesTime: 0.05
      setFramesTime: 0.1
    file: {fileID: 11400000, guid: cbd23abd0ca5a49c192664310497bc9a, type: 2}
  - animationName: generic-spell
    animation:
      speedRatio: 1
      loop: 0
      frameToLoop: 0
      frameDatas:
      - sprite: {fileID: 21300000, guid: 189153febd5284c2d85e97c6053f631c, type: 3}
        time: 0.06
        eventEnabled: 0
        eventName: 
      name: generic-spell
      selectedIndex: 0
      newFramesTime: 0.05
      setFramesTime: 0.1
    file: {fileID: 11400000, guid: cbd23abd0ca5a49c192664310497bc9a, type: 2}
  - animationName: generic-trick
    animation:
      speedRatio: 1
      loop: 0
      frameToLoop: 0
      frameDatas:
      - sprite: {fileID: 21300000, guid: edf44ab9b945d41e19d1f966e46a8035, type: 3}
        time: 0.06
        eventEnabled: 0
        eventName: 
      name: generic-trick
      selectedIndex: 0
      newFramesTime: 0.05
      setFramesTime: 0.1
    file: {fileID: 11400000, guid: cbd23abd0ca5a49c192664310497bc9a, type: 2}
  - animationName: lifesteal
    animation:
      speedRatio: 1
      loop: 0
      frameToLoop: 0
      frameDatas:
      - sprite: {fileID: 21300000, guid: 65bf42bbeac934d4aab5ae7b205314a8, type: 3}
        time: 0.06
        eventEnabled: 0
        eventName: 
      name: lifesteal
      selectedIndex: 0
      newFramesTime: 0.05
      setFramesTime: 0.1
    file: {fileID: 11400000, guid: cbd23abd0ca5a49c192664310497bc9a, type: 2}
  - animationName: none
    animation:
      speedRatio: 1
      loop: 0
      frameToLoop: 0
      frameDatas:
      - sprite: {fileID: 21300000, guid: 88762e65b579a47a29265ce0d71edd9a, type: 3}
        time: 0.04
        eventEnabled: 0
        eventName: 
      name: none
      selectedIndex: 0
      newFramesTime: 0.05
      setFramesTime: 0.1
    file: {fileID: 11400000, guid: cbd23abd0ca5a49c192664310497bc9a, type: 2}
  - animationName: pierce
    animation:
      speedRatio: 1
      loop: 0
      frameToLoop: 0
      frameDatas:
      - sprite: {fileID: 21300000, guid: 84dad8c4955894f748e9585b4a6640ba, type: 3}
        time: 0.06
        eventEnabled: 0
        eventName: 
      name: pierce
      selectedIndex: 0
      newFramesTime: 0.05
      setFramesTime: 0.1
    file: {fileID: 11400000, guid: cbd23abd0ca5a49c192664310497bc9a, type: 2}
  - animationName: poisonous
    animation:
      speedRatio: 1
      loop: 0
      frameToLoop: 0
      frameDatas:
      - sprite: {fileID: 21300000, guid: 5be8f3f6bb68649d2953acfa2bbe00eb, type: 3}
        time: 0.06
        eventEnabled: 0
        eventName: 
      name: poisonous
      selectedIndex: 0
      newFramesTime: 0.05
      setFramesTime: 0.1
    file: {fileID: 11400000, guid: cbd23abd0ca5a49c192664310497bc9a, type: 2}
  - animationName: silence
    animation:
      speedRatio: 1
      loop: 0
      frameToLoop: 0
      frameDatas:
      - sprite: {fileID: 21300000, guid: e8e84b7fd18d54169a58d5bc8ce42afb, type: 3}
        time: 0.06
        eventEnabled: 0
        eventName: 
      name: silence
      selectedIndex: 0
      newFramesTime: 0.05
      setFramesTime: 0.1
    file: {fileID: 11400000, guid: cbd23abd0ca5a49c192664310497bc9a, type: 2}
  - animationName: taunt
    animation:
      speedRatio: 1
      loop: 0
      frameToLoop: 0
      frameDatas:
      - sprite: {fileID: 21300000, guid: 1a74bf3359d284f47a6207442d081a99, type: 3}
        time: 0.06
        eventEnabled: 0
        eventName: 
      name: taunt
      selectedIndex: 0
      newFramesTime: 0.05
      setFramesTime: 0.1
    file: {fileID: 11400000, guid: cbd23abd0ca5a49c192664310497bc9a, type: 2}
  - animationName: thorns
    animation:
      speedRatio: 1
      loop: 0
      frameToLoop: 0
      frameDatas:
      - sprite: {fileID: 21300000, guid: 3a462ef6c8fd545d2bbc59172bbdc2a6, type: 3}
        time: 0.06
        eventEnabled: 0
        eventName: 
      name: thorns
      selectedIndex: 0
      newFramesTime: 0.05
      setFramesTime: 0.1
    file: {fileID: 11400000, guid: cbd23abd0ca5a49c192664310497bc9a, type: 2}
  - animationName: tough
    animation:
      speedRatio: 1
      loop: 0
      frameToLoop: 0
      frameDatas:
      - sprite: {fileID: 21300000, guid: fbb533744f34445a6979b68093430e7a, type: 3}
        time: 0.06
        eventEnabled: 0
        eventName: 
      name: tough
      selectedIndex: 0
      newFramesTime: 0.05
      setFramesTime: 0.1
    file: {fileID: 11400000, guid: cbd23abd0ca5a49c192664310497bc9a, type: 2}
  - animationName: turn-end
    animation:
      speedRatio: 1
      loop: 0
      frameToLoop: 0
      frameDatas:
      - sprite: {fileID: 21300000, guid: 126868bba76d64f76a44608255134d01, type: 3}
        time: 0.06
        eventEnabled: 0
        eventName: 
      name: turn-end
      selectedIndex: 0
      newFramesTime: 0.05
      setFramesTime: 0.1
    file: {fileID: 11400000, guid: cbd23abd0ca5a49c192664310497bc9a, type: 2}
  - animationName: turn-start
    animation:
      speedRatio: 1
      loop: 0
      frameToLoop: 0
      frameDatas:
      - sprite: {fileID: 21300000, guid: de78ca994e55448a196be77b30767702, type: 3}
        time: 0.06
        eventEnabled: 0
        eventName: 
      name: turn-start
      selectedIndex: 0
      newFramesTime: 0.05
      setFramesTime: 0.1
    file: {fileID: 11400000, guid: cbd23abd0ca5a49c192664310497bc9a, type: 2}
  animationAsset: {fileID: 11400000, guid: cbd23abd0ca5a49c192664310497bc9a, type: 2}
  mode: 0
