%YAML 1.1
%TAG !u! tag:unity3d.com,2011:
--- !u!1 &7292084843500637545
GameObject:
  m_ObjectHideFlags: 0
  m_CorrespondingSourceObject: {fileID: 0}
  m_PrefabInstance: {fileID: 0}
  m_PrefabAsset: {fileID: 0}
  serializedVersion: 6
  m_Component:
  - component: {fileID: 7292084843500637543}
  - component: {fileID: 7292084843500637542}
  - component: {fileID: 7292084843500637540}
  - component: {fileID: 7292084843500637547}
  - component: {fileID: 7292084843500637546}
  m_Layer: 0
  m_Name: TransitionCamera
  m_TagString: Untagged
  m_Icon: {fileID: 0}
  m_NavMeshLayer: 0
  m_StaticEditorFlags: 0
  m_IsActive: 1
--- !u!4 &7292084843500637543
Transform:
  m_ObjectHideFlags: 0
  m_CorrespondingSourceObject: {fileID: 0}
  m_PrefabInstance: {fileID: 0}
  m_PrefabAsset: {fileID: 0}
  m_GameObject: {fileID: 7292084843500637545}
  m_LocalRotation: {x: 0, y: 0, z: 0, w: 1}
  m_LocalPosition: {x: 0, y: 0, z: -100}
  m_LocalScale: {x: 1, y: 1, z: 1}
  m_Children: []
  m_Father: {fileID: 0}
  m_RootOrder: 0
  m_LocalEulerAnglesHint: {x: 0, y: 0, z: 0}
--- !u!20 &7292084843500637542
Camera:
  m_ObjectHideFlags: 0
  m_CorrespondingSourceObject: {fileID: 0}
  m_PrefabInstance: {fileID: 0}
  m_PrefabAsset: {fileID: 0}
  m_GameObject: {fileID: 7292084843500637545}
  m_Enabled: 0
  serializedVersion: 2
  m_ClearFlags: 4
  m_BackGroundColor: {r: 0, g: 0, b: 0, a: 0}
  m_projectionMatrixMode: 1
  m_GateFitMode: 2
  m_FOVAxisMode: 0
  m_SensorSize: {x: 36, y: 24}
  m_LensShift: {x: 0, y: 0}
  m_FocalLength: 50
  m_NormalizedViewPortRect:
    serializedVersion: 2
    x: 0
    y: 0
    width: 1
    height: 1
  near clip plane: 0.3
  far clip plane: 1000
  field of view: 60
  orthographic: 1
  orthographic size: 5.625
  m_Depth: 2
  m_CullingMask:
    serializedVersion: 2
    m_Bits: 4294967295
  m_RenderingPath: -1
  m_TargetTexture: {fileID: 0}
  m_TargetDisplay: 0
  m_TargetEye: 3
  m_HDR: 0
  m_AllowMSAA: 0
  m_AllowDynamicResolution: 0
  m_ForceIntoRT: 0
  m_OcclusionCulling: 1
  m_StereoConvergence: 10
  m_StereoSeparation: 0.022
--- !u!114 &7292084843500637540
MonoBehaviour:
  m_ObjectHideFlags: 0
  m_CorrespondingSourceObject: {fileID: 0}
  m_PrefabInstance: {fileID: 0}
  m_PrefabAsset: {fileID: 0}
  m_GameObject: {fileID: 7292084843500637545}
  m_Enabled: 1
  m_EditorHideFlags: 0
  m_Script: {fileID: 11500000, guid: 6a160d838ff8b4b4693ac20007e008c7, type: 3}
  m_Name: 
  m_EditorClassIdentifier: 
  m_AssetsPPU: 32
  m_RefResolutionX: 640
  m_RefResolutionY: 360
  m_UpscaleRT: 0
  m_PixelSnapping: 0
  m_CropFrameX: 0
  m_CropFrameY: 0
  m_StretchFill: 0
--- !u!114 &7292084843500637547
MonoBehaviour:
  m_ObjectHideFlags: 0
  m_CorrespondingSourceObject: {fileID: 0}
  m_PrefabInstance: {fileID: 0}
  m_PrefabAsset: {fileID: 0}
  m_GameObject: {fileID: 7292084843500637545}
  m_Enabled: 1
  m_EditorHideFlags: 0
  m_Script: {fileID: 11500000, guid: 4f91d742f3be083418c26878ab8255c7, type: 3}
  m_Name: 
  m_EditorClassIdentifier: 
  TransitionMaterial: {fileID: 2100000, guid: 7624d611bd330e44b80ef65275598a16, type: 2}
--- !u!114 &7292084843500637546
MonoBehaviour:
  m_ObjectHideFlags: 0
  m_CorrespondingSourceObject: {fileID: 0}
  m_PrefabInstance: {fileID: 0}
  m_PrefabAsset: {fileID: 0}
  m_GameObject: {fileID: 7292084843500637545}
  m_Enabled: 1
  m_EditorHideFlags: 0
  m_Script: {fileID: 11500000, guid: 47416681219d1cf44b02bb7fe2fec3aa, type: 3}
  m_Name: 
  m_EditorClassIdentifier: 
  transitionDuration: 1
  flashDuration: 0.1
  transitionMaterial: {fileID: 2100000, guid: 7624d611bd330e44b80ef65275598a16, type: 2}
  transitionEffects:
  - name: Default
    screenFlashCount: 0
    effectType: 0
    effectTexture: {fileID: 2800000, guid: 97454fe3005bc4842bf41e729920bfe6, type: 3}
    effectColor: {r: 0, g: 0, b: 0, a: 1}
  - name: LinesHorizontal
    screenFlashCount: 0
    effectType: 1
    effectTexture: {fileID: 2800000, guid: 1c8343915cb69fd45ab6f6752d065e44, type: 3}
    effectColor: {r: 0, g: 0, b: 0, a: 1}
  - name: FadeToWhite
    screenFlashCount: 0
    effectType: 0
    effectTexture: {fileID: 2800000, guid: efe2e8b6a6ce74ce6827517a7d5c42b5, type: 3}
    effectColor: {r: 1, g: 1, b: 1, a: 1}
  - name: DiamondWipe
    screenFlashCount: 0
    effectType: 0
    effectTexture: {fileID: 2800000, guid: 8d4ff183ac6c044fabdae463ab8b2533, type: 3}
    effectColor: {r: 0.103773594, g: 0.04160734, b: 0.06986473, a: 1}
