%YAML 1.1
%TAG !u! tag:unity3d.com,2011:
--- !u!1 &950264772071934173
GameObject:
  m_ObjectHideFlags: 0
  m_CorrespondingSourceObject: {fileID: 0}
  m_PrefabInstance: {fileID: 0}
  m_PrefabAsset: {fileID: 0}
  serializedVersion: 6
  m_Component:
  - component: {fileID: 950264772071934174}
  - component: {fileID: 950264772071934168}
  - component: {fileID: 950264772071934175}
  m_Layer: 5
  m_Name: Frame
  m_TagString: Untagged
  m_Icon: {fileID: 0}
  m_NavMeshLayer: 0
  m_StaticEditorFlags: 0
  m_IsActive: 1
--- !u!224 &950264772071934174
RectTransform:
  m_ObjectHideFlags: 0
  m_CorrespondingSourceObject: {fileID: 0}
  m_PrefabInstance: {fileID: 0}
  m_PrefabAsset: {fileID: 0}
  m_GameObject: {fileID: 950264772071934173}
  m_LocalRotation: {x: -0, y: -0, z: -0, w: 1}
  m_LocalPosition: {x: 0, y: 0, z: 0}
  m_LocalScale: {x: 1, y: 1, z: 1}
  m_Children: []
  m_Father: {fileID: 950264772570975535}
  m_RootOrder: 1
  m_LocalEulerAnglesHint: {x: 0, y: 0, z: 0}
  m_AnchorMin: {x: 0.5, y: 0.5}
  m_AnchorMax: {x: 0.5, y: 0.5}
  m_AnchoredPosition: {x: 0, y: 0}
  m_SizeDelta: {x: 80, y: 74}
  m_Pivot: {x: 0.5, y: 0.5}
--- !u!222 &950264772071934168
CanvasRenderer:
  m_ObjectHideFlags: 0
  m_CorrespondingSourceObject: {fileID: 0}
  m_PrefabInstance: {fileID: 0}
  m_PrefabAsset: {fileID: 0}
  m_GameObject: {fileID: 950264772071934173}
  m_CullTransparentMesh: 0
--- !u!114 &950264772071934175
MonoBehaviour:
  m_ObjectHideFlags: 0
  m_CorrespondingSourceObject: {fileID: 0}
  m_PrefabInstance: {fileID: 0}
  m_PrefabAsset: {fileID: 0}
  m_GameObject: {fileID: 950264772071934173}
  m_Enabled: 1
  m_EditorHideFlags: 0
  m_Script: {fileID: 11500000, guid: fe87c0e1cc204ed48ad3b37840f39efc, type: 3}
  m_Name: 
  m_EditorClassIdentifier: 
  m_Material: {fileID: 0}
  m_Color: {r: 1, g: 1, b: 1, a: 1}
  m_RaycastTarget: 1
  m_RaycastPadding: {x: 0, y: 0, z: 0, w: 0}
  m_Maskable: 1
  m_OnCullStateChanged:
    m_PersistentCalls:
      m_Calls: []
  m_Sprite: {fileID: 21300000, guid: 6dbe59e007b50455895c3aa7d0b708de, type: 3}
  m_Type: 0
  m_PreserveAspect: 0
  m_FillCenter: 1
  m_FillMethod: 4
  m_FillAmount: 1
  m_FillClockwise: 1
  m_FillOrigin: 0
  m_UseSpriteMesh: 0
  m_PixelsPerUnitMultiplier: 1
--- !u!1 &950264772428130600
GameObject:
  m_ObjectHideFlags: 0
  m_CorrespondingSourceObject: {fileID: 0}
  m_PrefabInstance: {fileID: 0}
  m_PrefabAsset: {fileID: 0}
  serializedVersion: 6
  m_Component:
  - component: {fileID: 950264772428130601}
  - component: {fileID: 5021133058133196106}
  - component: {fileID: 8245842132763461706}
  - component: {fileID: 1000260792869722815}
  m_Layer: 5
  m_Name: HeroSelectToggle
  m_TagString: Untagged
  m_Icon: {fileID: 0}
  m_NavMeshLayer: 0
  m_StaticEditorFlags: 0
  m_IsActive: 1
--- !u!224 &950264772428130601
RectTransform:
  m_ObjectHideFlags: 0
  m_CorrespondingSourceObject: {fileID: 0}
  m_PrefabInstance: {fileID: 0}
  m_PrefabAsset: {fileID: 0}
  m_GameObject: {fileID: 950264772428130600}
  m_LocalRotation: {x: 0, y: 0, z: 0, w: 1}
  m_LocalPosition: {x: 0, y: 0, z: 0}
  m_LocalScale: {x: 1, y: 1, z: 1}
  m_Children:
  - {fileID: 950264772839666242}
  - {fileID: 950264772570975535}
  m_Father: {fileID: 0}
  m_RootOrder: 0
  m_LocalEulerAnglesHint: {x: 0, y: 0, z: 0}
  m_AnchorMin: {x: 0, y: 0}
  m_AnchorMax: {x: 0, y: 0}
  m_AnchoredPosition: {x: 0, y: 0}
  m_SizeDelta: {x: 0, y: 0}
  m_Pivot: {x: 0.5, y: 1}
--- !u!114 &5021133058133196106
MonoBehaviour:
  m_ObjectHideFlags: 0
  m_CorrespondingSourceObject: {fileID: 0}
  m_PrefabInstance: {fileID: 0}
  m_PrefabAsset: {fileID: 0}
  m_GameObject: {fileID: 950264772428130600}
  m_Enabled: 1
  m_EditorHideFlags: 0
  m_Script: {fileID: 11500000, guid: beb2efff5ea0e4d09a3960aa22befcd9, type: 3}
  m_Name: 
  m_EditorClassIdentifier: 
  portraitCanvas: {fileID: 0}
  heroPortraitContainer: {fileID: 950264772570975535}
  portraitCropped: {fileID: 950264772975712223}
  portraitBackground: {fileID: 950264773656405182}
  formatLevelLabelCentered: 1
  levelContainer: {fileID: 6786249412508692009}
  levelIcon: {fileID: 6786249412618672575}
  levelLabel: {fileID: 6786249412853862067}
  healthLabel: {fileID: 0}
  dialogueContainer: {fileID: 0}
  dialogue: {fileID: 0}
  characterName: {fileID: 0}
  speechEffect: {fileID: 0}
  nameContainer: {fileID: 0}
  nameLabel: {fileID: 0}
  healthHitEffect: {fileID: 0}
  armorHitEffect: {fileID: 0}
--- !u!114 &8245842132763461706
MonoBehaviour:
  m_ObjectHideFlags: 0
  m_CorrespondingSourceObject: {fileID: 0}
  m_PrefabInstance: {fileID: 0}
  m_PrefabAsset: {fileID: 0}
  m_GameObject: {fileID: 950264772428130600}
  m_Enabled: 1
  m_EditorHideFlags: 0
  m_Script: {fileID: 11500000, guid: 9085046f02f69544eb97fd06b6048fe2, type: 3}
  m_Name: 
  m_EditorClassIdentifier: 
  m_Navigation:
    m_Mode: 3
    m_WrapAround: 0
    m_SelectOnUp: {fileID: 0}
    m_SelectOnDown: {fileID: 0}
    m_SelectOnLeft: {fileID: 0}
    m_SelectOnRight: {fileID: 0}
  m_Transition: 0
  m_Colors:
    m_NormalColor: {r: 1, g: 1, b: 1, a: 1}
    m_HighlightedColor: {r: 0.9607843, g: 0.9607843, b: 0.9607843, a: 1}
    m_PressedColor: {r: 0.78431374, g: 0.78431374, b: 0.78431374, a: 1}
    m_SelectedColor: {r: 0.9607843, g: 0.9607843, b: 0.9607843, a: 1}
    m_DisabledColor: {r: 0.78431374, g: 0.78431374, b: 0.78431374, a: 0.5019608}
    m_ColorMultiplier: 1
    m_FadeDuration: 0.1
  m_SpriteState:
    m_HighlightedSprite: {fileID: 0}
    m_PressedSprite: {fileID: 0}
    m_SelectedSprite: {fileID: 0}
    m_DisabledSprite: {fileID: 0}
  m_AnimationTriggers:
    m_NormalTrigger: Normal
    m_HighlightedTrigger: Highlighted
    m_PressedTrigger: Pressed
    m_SelectedTrigger: Selected
    m_DisabledTrigger: Disabled
  m_Interactable: 1
  m_TargetGraphic: {fileID: 0}
  toggleTransition: 1
  graphic: {fileID: 0}
  m_Group: {fileID: 0}
  onValueChanged:
    m_PersistentCalls:
      m_Calls: []
  m_IsOn: 0
--- !u!114 &1000260792869722815
MonoBehaviour:
  m_ObjectHideFlags: 0
  m_CorrespondingSourceObject: {fileID: 0}
  m_PrefabInstance: {fileID: 0}
  m_PrefabAsset: {fileID: 0}
  m_GameObject: {fileID: 950264772428130600}
  m_Enabled: 1
  m_EditorHideFlags: 0
  m_Script: {fileID: 11500000, guid: e4b15e9b0832401b8330cf0f35533191, type: 3}
  m_Name: 
  m_EditorClassIdentifier: 
  content: 
  activeGroup: {fileID: 950264773524924092}
  inactiveGroup: {fileID: 3695303522047350338}
  animator: {fileID: 0}
  useGroupList: 0
  activeGroups: []
  inactiveGroups: []
  heroContainer: {fileID: 950264772570975535}
  shadow: {fileID: 950264772839666242}
  heroView: {fileID: 5021133058133196106}
  lockedOverlay: {fileID: 4417308428370007564}
  hitEffect: {fileID: 1258839656333471911}
--- !u!1 &950264772570975534
GameObject:
  m_ObjectHideFlags: 0
  m_CorrespondingSourceObject: {fileID: 0}
  m_PrefabInstance: {fileID: 0}
  m_PrefabAsset: {fileID: 0}
  serializedVersion: 6
  m_Component:
  - component: {fileID: 950264772570975535}
  m_Layer: 5
  m_Name: PortraitContainer
  m_TagString: Untagged
  m_Icon: {fileID: 0}
  m_NavMeshLayer: 0
  m_StaticEditorFlags: 0
  m_IsActive: 1
--- !u!224 &950264772570975535
RectTransform:
  m_ObjectHideFlags: 0
  m_CorrespondingSourceObject: {fileID: 0}
  m_PrefabInstance: {fileID: 0}
  m_PrefabAsset: {fileID: 0}
  m_GameObject: {fileID: 950264772570975534}
  m_LocalRotation: {x: 0, y: 0, z: 0, w: 1}
  m_LocalPosition: {x: 0, y: 0, z: 0}
  m_LocalScale: {x: 1, y: 1, z: 1}
  m_Children:
  - {fileID: 950264773656405181}
  - {fileID: 950264772071934174}
  - {fileID: 950264772975712222}
  - {fileID: 950264773349856091}
  - {fileID: 4266055105279009586}
  - {fileID: 950264773524924093}
  - {fileID: 585391233530289255}
  - {fileID: 4417308428370007564}
  m_Father: {fileID: 950264772428130601}
  m_RootOrder: 1
  m_LocalEulerAnglesHint: {x: 0, y: -2.52, z: 0}
  m_AnchorMin: {x: 0.5, y: 0.5}
  m_AnchorMax: {x: 0.5, y: 0.5}
  m_AnchoredPosition: {x: 0, y: 0}
  m_SizeDelta: {x: 80, y: 74}
  m_Pivot: {x: 0.5, y: 0.5}
--- !u!1 &950264772839666241
GameObject:
  m_ObjectHideFlags: 0
  m_CorrespondingSourceObject: {fileID: 0}
  m_PrefabInstance: {fileID: 0}
  m_PrefabAsset: {fileID: 0}
  serializedVersion: 6
  m_Component:
  - component: {fileID: 950264772839666242}
  - component: {fileID: 950264772839666268}
  - component: {fileID: 950264772839666243}
  m_Layer: 5
  m_Name: Shadow
  m_TagString: Untagged
  m_Icon: {fileID: 0}
  m_NavMeshLayer: 0
  m_StaticEditorFlags: 0
  m_IsActive: 1
--- !u!224 &950264772839666242
RectTransform:
  m_ObjectHideFlags: 0
  m_CorrespondingSourceObject: {fileID: 0}
  m_PrefabInstance: {fileID: 0}
  m_PrefabAsset: {fileID: 0}
  m_GameObject: {fileID: 950264772839666241}
  m_LocalRotation: {x: -0, y: -0, z: -0, w: 1}
  m_LocalPosition: {x: 0, y: 0, z: -0.1}
  m_LocalScale: {x: 1, y: 1, z: 1}
  m_Children: []
  m_Father: {fileID: 950264772428130601}
  m_RootOrder: 0
  m_LocalEulerAnglesHint: {x: 0, y: 0, z: 0}
  m_AnchorMin: {x: 0.5, y: 0.5}
  m_AnchorMax: {x: 0.5, y: 0.5}
  m_AnchoredPosition: {x: 0, y: 0}
  m_SizeDelta: {x: 80, y: 74}
  m_Pivot: {x: 0.5, y: 0.5}
--- !u!222 &950264772839666268
CanvasRenderer:
  m_ObjectHideFlags: 0
  m_CorrespondingSourceObject: {fileID: 0}
  m_PrefabInstance: {fileID: 0}
  m_PrefabAsset: {fileID: 0}
  m_GameObject: {fileID: 950264772839666241}
  m_CullTransparentMesh: 0
--- !u!114 &950264772839666243
MonoBehaviour:
  m_ObjectHideFlags: 0
  m_CorrespondingSourceObject: {fileID: 0}
  m_PrefabInstance: {fileID: 0}
  m_PrefabAsset: {fileID: 0}
  m_GameObject: {fileID: 950264772839666241}
  m_Enabled: 1
  m_EditorHideFlags: 0
  m_Script: {fileID: 11500000, guid: fe87c0e1cc204ed48ad3b37840f39efc, type: 3}
  m_Name: 
  m_EditorClassIdentifier: 
  m_Material: {fileID: 0}
  m_Color: {r: 0.18039216, g: 0.1137255, b: 0.14901961, a: 0.23529412}
  m_RaycastTarget: 0
  m_RaycastPadding: {x: 0, y: 0, z: 0, w: 0}
  m_Maskable: 1
  m_OnCullStateChanged:
    m_PersistentCalls:
      m_Calls: []
  m_Sprite: {fileID: 0}
  m_Type: 0
  m_PreserveAspect: 0
  m_FillCenter: 1
  m_FillMethod: 4
  m_FillAmount: 1
  m_FillClockwise: 1
  m_FillOrigin: 0
  m_UseSpriteMesh: 0
  m_PixelsPerUnitMultiplier: 1
--- !u!1 &950264772975712221
GameObject:
  m_ObjectHideFlags: 0
  m_CorrespondingSourceObject: {fileID: 0}
  m_PrefabInstance: {fileID: 0}
  m_PrefabAsset: {fileID: 0}
  serializedVersion: 6
  m_Component:
  - component: {fileID: 950264772975712222}
  - component: {fileID: 950264772975712217}
  - component: {fileID: 950264772975712216}
  - component: {fileID: 950264772975712223}
  m_Layer: 5
  m_Name: Portrait
  m_TagString: Untagged
  m_Icon: {fileID: 0}
  m_NavMeshLayer: 0
  m_StaticEditorFlags: 0
  m_IsActive: 1
--- !u!224 &950264772975712222
RectTransform:
  m_ObjectHideFlags: 0
  m_CorrespondingSourceObject: {fileID: 0}
  m_PrefabInstance: {fileID: 0}
  m_PrefabAsset: {fileID: 0}
  m_GameObject: {fileID: 950264772975712221}
  m_LocalRotation: {x: -0, y: -0, z: -0, w: 1}
  m_LocalPosition: {x: 0, y: 0, z: 0}
  m_LocalScale: {x: 1, y: 1, z: 1}
  m_Children: []
  m_Father: {fileID: 950264772570975535}
  m_RootOrder: 2
  m_LocalEulerAnglesHint: {x: 0, y: 0, z: 0}
  m_AnchorMin: {x: 0.5, y: 0.5}
  m_AnchorMax: {x: 0.5, y: 0.5}
  m_AnchoredPosition: {x: 0, y: 0}
  m_SizeDelta: {x: 80, y: 74}
  m_Pivot: {x: 0.5, y: 0.5}
--- !u!222 &950264772975712217
CanvasRenderer:
  m_ObjectHideFlags: 0
  m_CorrespondingSourceObject: {fileID: 0}
  m_PrefabInstance: {fileID: 0}
  m_PrefabAsset: {fileID: 0}
  m_GameObject: {fileID: 950264772975712221}
  m_CullTransparentMesh: 0
--- !u!114 &950264772975712216
MonoBehaviour:
  m_ObjectHideFlags: 0
  m_CorrespondingSourceObject: {fileID: 0}
  m_PrefabInstance: {fileID: 0}
  m_PrefabAsset: {fileID: 0}
  m_GameObject: {fileID: 950264772975712221}
  m_Enabled: 1
  m_EditorHideFlags: 0
  m_Script: {fileID: 11500000, guid: fe87c0e1cc204ed48ad3b37840f39efc, type: 3}
  m_Name: 
  m_EditorClassIdentifier: 
  m_Material: {fileID: 0}
  m_Color: {r: 1, g: 1, b: 1, a: 1}
  m_RaycastTarget: 0
  m_RaycastPadding: {x: 0, y: 0, z: 0, w: 0}
  m_Maskable: 0
  m_OnCullStateChanged:
    m_PersistentCalls:
      m_Calls: []
  m_Sprite: {fileID: 21300000, guid: 0fc8aafc89e8a4151994f9c5e0432688, type: 3}
  m_Type: 0
  m_PreserveAspect: 0
  m_FillCenter: 1
  m_FillMethod: 4
  m_FillAmount: 1
  m_FillClockwise: 1
  m_FillOrigin: 0
  m_UseSpriteMesh: 0
  m_PixelsPerUnitMultiplier: 1
--- !u!114 &950264772975712223
MonoBehaviour:
  m_ObjectHideFlags: 0
  m_CorrespondingSourceObject: {fileID: 0}
  m_PrefabInstance: {fileID: 0}
  m_PrefabAsset: {fileID: 0}
  m_GameObject: {fileID: 950264772975712221}
  m_Enabled: 1
  m_EditorHideFlags: 0
  m_Script: {fileID: 11500000, guid: 88fb3ea51bb752b49abd5037a4f40f6a, type: 3}
  m_Name: 
  m_EditorClassIdentifier: 
  playing: 1
  paused: 0
  timer: 0
  animIdx: -1
  currentIdx: 0
  speedRatio: 1
  playFrom: 0
  overrideTimeScale: 0
  timeScaleOverride: 0
  list:
  - animationName: mereena
    animation:
      speedRatio: 1
      loop: 1
      frameToLoop: 0
      frameDatas:
      - sprite: {fileID: 21300000, guid: ef4bd63fcf84f4dd3b2de12a1b47c2ad, type: 3}
        time: 0.06
        eventEnabled: 0
        eventName: 
      name: mereena
      selectedIndex: 0
      newFramesTime: 0.05
      setFramesTime: 0.1
    file: {fileID: 11400000, guid: 220b9d4ed02e74e3a82e5956aae49c17, type: 2}
  - animationName: mereena-idle
    animation:
      speedRatio: 1
      loop: 0
      frameToLoop: 0
      frameDatas:
      - sprite: {fileID: 5773390537243535025, guid: 46c9bf182dcf244a9baeac911001c534,
          type: 3}
        time: 4
        eventEnabled: 0
        eventName: 
      - sprite: {fileID: -1057453435984370522, guid: 46c9bf182dcf244a9baeac911001c534,
          type: 3}
        time: 0.04
        eventEnabled: 0
        eventName: 
      - sprite: {fileID: 6038383241714560475, guid: 46c9bf182dcf244a9baeac911001c534,
          type: 3}
        time: 0.04
        eventEnabled: 0
        eventName: 
      - sprite: {fileID: -1306402528921788445, guid: 46c9bf182dcf244a9baeac911001c534,
          type: 3}
        time: 0.04
        eventEnabled: 0
        eventName: 
      - sprite: {fileID: 1917494719328018572, guid: 46c9bf182dcf244a9baeac911001c534,
          type: 3}
        time: 0.04
        eventEnabled: 0
        eventName: 
      - sprite: {fileID: -4535511895075200076, guid: 46c9bf182dcf244a9baeac911001c534,
          type: 3}
        time: 0.04
        eventEnabled: 0
        eventName: 
      - sprite: {fileID: -6652735941883845339, guid: 46c9bf182dcf244a9baeac911001c534,
          type: 3}
        time: 0.04
        eventEnabled: 0
        eventName: 
      - sprite: {fileID: -3456891588427249436, guid: 46c9bf182dcf244a9baeac911001c534,
          type: 3}
        time: 2
        eventEnabled: 0
        eventName: 
      - sprite: {fileID: -7259400428701488515, guid: 46c9bf182dcf244a9baeac911001c534,
          type: 3}
        time: 0.04
        eventEnabled: 0
        eventName: 
      - sprite: {fileID: -487249339781898634, guid: 46c9bf182dcf244a9baeac911001c534,
          type: 3}
        time: 0.04
        eventEnabled: 0
        eventName: 
      - sprite: {fileID: 5764799556334107747, guid: 46c9bf182dcf244a9baeac911001c534,
          type: 3}
        time: 0.04
        eventEnabled: 0
        eventName: 
      - sprite: {fileID: 6833471457774374610, guid: 46c9bf182dcf244a9baeac911001c534,
          type: 3}
        time: 0.04
        eventEnabled: 0
        eventName: 
      - sprite: {fileID: -3092787684714968068, guid: 46c9bf182dcf244a9baeac911001c534,
          type: 3}
        time: 0.04
        eventEnabled: 0
        eventName: 
      - sprite: {fileID: -1882620141951509369, guid: 46c9bf182dcf244a9baeac911001c534,
          type: 3}
        time: 0.04
        eventEnabled: 0
        eventName: 
      name: mereena-idle
      selectedIndex: 0
      newFramesTime: 0.05
      setFramesTime: 0.1
    file: {fileID: 11400000, guid: 220b9d4ed02e74e3a82e5956aae49c17, type: 2}
  - animationName: quill
    animation:
      speedRatio: 1
      loop: 1
      frameToLoop: 0
      frameDatas:
      - sprite: {fileID: 21300000, guid: 099e781237ef34293aaece7b1f2bf1b4, type: 3}
        time: 0.06
        eventEnabled: 0
        eventName: 
      name: quill
      selectedIndex: 0
      newFramesTime: 0.05
      setFramesTime: 0.1
    file: {fileID: 11400000, guid: 220b9d4ed02e74e3a82e5956aae49c17, type: 2}
  - animationName: quill-idle
    animation:
      speedRatio: 1
      loop: 0
      frameToLoop: 0
      frameDatas:
      - sprite: {fileID: 2741933856315440542, guid: 16afa5baf27b54cf2978beeb333cb56b,
          type: 3}
        time: 4
        eventEnabled: 0
        eventName: 
      - sprite: {fileID: -6086461321122868171, guid: 16afa5baf27b54cf2978beeb333cb56b,
          type: 3}
        time: 0.04
        eventEnabled: 0
        eventName: 
      - sprite: {fileID: -5120495202134010833, guid: 16afa5baf27b54cf2978beeb333cb56b,
          type: 3}
        time: 0.04
        eventEnabled: 0
        eventName: 
      - sprite: {fileID: -8297313742160034558, guid: 16afa5baf27b54cf2978beeb333cb56b,
          type: 3}
        time: 0.04
        eventEnabled: 0
        eventName: 
      - sprite: {fileID: -8740798699648782140, guid: 16afa5baf27b54cf2978beeb333cb56b,
          type: 3}
        time: 0.04
        eventEnabled: 0
        eventName: 
      - sprite: {fileID: 5535146397873845702, guid: 16afa5baf27b54cf2978beeb333cb56b,
          type: 3}
        time: 0.04
        eventEnabled: 0
        eventName: 
      - sprite: {fileID: -8785328327578972434, guid: 16afa5baf27b54cf2978beeb333cb56b,
          type: 3}
        time: 2
        eventEnabled: 0
        eventName: 
      - sprite: {fileID: -6430083766844688848, guid: 16afa5baf27b54cf2978beeb333cb56b,
          type: 3}
        time: 0.04
        eventEnabled: 0
        eventName: 
      - sprite: {fileID: -6885185183614787319, guid: 16afa5baf27b54cf2978beeb333cb56b,
          type: 3}
        time: 0.04
        eventEnabled: 0
        eventName: 
      - sprite: {fileID: 8621328590329816020, guid: 16afa5baf27b54cf2978beeb333cb56b,
          type: 3}
        time: 0.04
        eventEnabled: 0
        eventName: 
      - sprite: {fileID: -3127246517712891051, guid: 16afa5baf27b54cf2978beeb333cb56b,
          type: 3}
        time: 0.04
        eventEnabled: 0
        eventName: 
      - sprite: {fileID: -4425732814335029528, guid: 16afa5baf27b54cf2978beeb333cb56b,
          type: 3}
        time: 0.04
        eventEnabled: 0
        eventName: 
      name: quill-idle
      selectedIndex: 0
      newFramesTime: 0.05
      setFramesTime: 0.1
    file: {fileID: 11400000, guid: 220b9d4ed02e74e3a82e5956aae49c17, type: 2}
  - animationName: redcroft
    animation:
      speedRatio: 1
      loop: 1
      frameToLoop: 0
      frameDatas:
      - sprite: {fileID: 21300000, guid: 0fc8aafc89e8a4151994f9c5e0432688, type: 3}
        time: 0.06
        eventEnabled: 0
        eventName: 
      name: redcroft
      selectedIndex: 0
      newFramesTime: 0.05
      setFramesTime: 0.1
    file: {fileID: 11400000, guid: 220b9d4ed02e74e3a82e5956aae49c17, type: 2}
  - animationName: redcroft-idle
    animation:
      speedRatio: 1
      loop: 0
      frameToLoop: 0
      frameDatas:
      - sprite: {fileID: 8971202743132246837, guid: 6849182ea86e44b99be52893403327c3,
          type: 3}
        time: 2
        eventEnabled: 0
        eventName: 
      - sprite: {fileID: -6178879073561032103, guid: 6849182ea86e44b99be52893403327c3,
          type: 3}
        time: 0.04
        eventEnabled: 0
        eventName: 
      - sprite: {fileID: -1808093771685440965, guid: 6849182ea86e44b99be52893403327c3,
          type: 3}
        time: 0.04
        eventEnabled: 0
        eventName: 
      - sprite: {fileID: -1786692684651149439, guid: 6849182ea86e44b99be52893403327c3,
          type: 3}
        time: 0.04
        eventEnabled: 0
        eventName: 
      - sprite: {fileID: 8719979265248030723, guid: 6849182ea86e44b99be52893403327c3,
          type: 3}
        time: 0.04
        eventEnabled: 0
        eventName: 
      - sprite: {fileID: -848210243538669319, guid: 6849182ea86e44b99be52893403327c3,
          type: 3}
        time: 0.04
        eventEnabled: 0
        eventName: 
      - sprite: {fileID: 1585103008720166361, guid: 6849182ea86e44b99be52893403327c3,
          type: 3}
        time: 4
        eventEnabled: 0
        eventName: 
      - sprite: {fileID: -8170103915602923306, guid: 6849182ea86e44b99be52893403327c3,
          type: 3}
        time: 0.04
        eventEnabled: 0
        eventName: 
      - sprite: {fileID: -6826541548812232732, guid: 6849182ea86e44b99be52893403327c3,
          type: 3}
        time: 0.04
        eventEnabled: 0
        eventName: 
      - sprite: {fileID: 2691675429263285293, guid: 6849182ea86e44b99be52893403327c3,
          type: 3}
        time: 0.04
        eventEnabled: 0
        eventName: 
      - sprite: {fileID: -4249024878362848163, guid: 6849182ea86e44b99be52893403327c3,
          type: 3}
        time: 0.04
        eventEnabled: 0
        eventName: 
      - sprite: {fileID: 886185697300026035, guid: 6849182ea86e44b99be52893403327c3,
          type: 3}
        time: 0.04
        eventEnabled: 0
        eventName: 
      name: redcroft-idle
      selectedIndex: 0
      newFramesTime: 0.05
      setFramesTime: 0.1
    file: {fileID: 11400000, guid: 220b9d4ed02e74e3a82e5956aae49c17, type: 2}
  - animationName: seto
    animation:
      speedRatio: 1
      loop: 1
      frameToLoop: 0
      frameDatas:
      - sprite: {fileID: 21300000, guid: f6bb8287973d64b4f9320ab020eb30a3, type: 3}
        time: 0.06
        eventEnabled: 0
        eventName: 
      name: seto
      selectedIndex: 0
      newFramesTime: 0.05
      setFramesTime: 0.1
    file: {fileID: 11400000, guid: 220b9d4ed02e74e3a82e5956aae49c17, type: 2}
  - animationName: seto-idle
    animation:
      speedRatio: 1
      loop: 0
      frameToLoop: 0
      frameDatas:
      - sprite: {fileID: -9174866028258465519, guid: 5007929e15f3d4eacaf5569334aa192f,
          type: 3}
        time: 2
        eventEnabled: 0
        eventName: 
      - sprite: {fileID: 4281881335649425180, guid: 5007929e15f3d4eacaf5569334aa192f,
          type: 3}
        time: 0.04
        eventEnabled: 0
        eventName: 
      - sprite: {fileID: 6134894391982355339, guid: 5007929e15f3d4eacaf5569334aa192f,
          type: 3}
        time: 0.04
        eventEnabled: 0
        eventName: 
      - sprite: {fileID: -8684114140905982150, guid: 5007929e15f3d4eacaf5569334aa192f,
          type: 3}
        time: 0.04
        eventEnabled: 0
        eventName: 
      - sprite: {fileID: -122518267930998587, guid: 5007929e15f3d4eacaf5569334aa192f,
          type: 3}
        time: 0.04
        eventEnabled: 0
        eventName: 
      - sprite: {fileID: -7888533350402872008, guid: 5007929e15f3d4eacaf5569334aa192f,
          type: 3}
        time: 0.04
        eventEnabled: 0
        eventName: 
      - sprite: {fileID: 3646568358945485704, guid: 5007929e15f3d4eacaf5569334aa192f,
          type: 3}
        time: 4
        eventEnabled: 0
        eventName: 
      - sprite: {fileID: 2794072562279236845, guid: 5007929e15f3d4eacaf5569334aa192f,
          type: 3}
        time: 0.04
        eventEnabled: 0
        eventName: 
      - sprite: {fileID: 6614057292908009448, guid: 5007929e15f3d4eacaf5569334aa192f,
          type: 3}
        time: 0.04
        eventEnabled: 0
        eventName: 
      - sprite: {fileID: 126839103515302277, guid: 5007929e15f3d4eacaf5569334aa192f,
          type: 3}
        time: 0.04
        eventEnabled: 0
        eventName: 
      - sprite: {fileID: 74270109503858703, guid: 5007929e15f3d4eacaf5569334aa192f,
          type: 3}
        time: 0.04
        eventEnabled: 0
        eventName: 
      - sprite: {fileID: -4821708145944322751, guid: 5007929e15f3d4eacaf5569334aa192f,
          type: 3}
        time: 0.04
        eventEnabled: 0
        eventName: 
      name: seto-idle
      selectedIndex: 0
      newFramesTime: 0.05
      setFramesTime: 0.1
    file: {fileID: 11400000, guid: 220b9d4ed02e74e3a82e5956aae49c17, type: 2}
  - animationName: shopkeeper
    animation:
      speedRatio: 1
      loop: 1
      frameToLoop: 0
      frameDatas:
      - sprite: {fileID: 21300000, guid: f9a39fef190744e218c48d6d0b8c25c3, type: 3}
        time: 0.06
        eventEnabled: 0
        eventName: 
      name: shopkeeper
      selectedIndex: 0
      newFramesTime: 0.05
      setFramesTime: 0.1
    file: {fileID: 11400000, guid: 220b9d4ed02e74e3a82e5956aae49c17, type: 2}
  - animationName: violet
    animation:
      speedRatio: 1
      loop: 1
      frameToLoop: 0
      frameDatas:
      - sprite: {fileID: 21300000, guid: acdf8885ebf3044919fb5104db8169b7, type: 3}
        time: 0.06
        eventEnabled: 0
        eventName: 
      name: violet
      selectedIndex: 0
      newFramesTime: 0.05
      setFramesTime: 0.1
    file: {fileID: 11400000, guid: 220b9d4ed02e74e3a82e5956aae49c17, type: 2}
  - animationName: violet-idle
    animation:
      speedRatio: 1
      loop: 0
      frameToLoop: 0
      frameDatas:
      - sprite: {fileID: 8326136874079582333, guid: 40bd8d0e46c944214aeeac6484fee972,
          type: 3}
        time: 2
        eventEnabled: 0
        eventName: 
      - sprite: {fileID: -5237034096496924748, guid: 40bd8d0e46c944214aeeac6484fee972,
          type: 3}
        time: 0.04
        eventEnabled: 0
        eventName: 
      - sprite: {fileID: -2860270722228887723, guid: 40bd8d0e46c944214aeeac6484fee972,
          type: 3}
        time: 0.04
        eventEnabled: 0
        eventName: 
      - sprite: {fileID: 1103679201416041773, guid: 40bd8d0e46c944214aeeac6484fee972,
          type: 3}
        time: 0.04
        eventEnabled: 0
        eventName: 
      - sprite: {fileID: -3063978927239939926, guid: 40bd8d0e46c944214aeeac6484fee972,
          type: 3}
        time: 0.04
        eventEnabled: 0
        eventName: 
      - sprite: {fileID: -2214644117914061078, guid: 40bd8d0e46c944214aeeac6484fee972,
          type: 3}
        time: 0.04
        eventEnabled: 0
        eventName: 
      - sprite: {fileID: 3412397972305028100, guid: 40bd8d0e46c944214aeeac6484fee972,
          type: 3}
        time: 0.04
        eventEnabled: 0
        eventName: 
      - sprite: {fileID: 6431291499052741941, guid: 40bd8d0e46c944214aeeac6484fee972,
          type: 3}
        time: 4
        eventEnabled: 0
        eventName: 
      - sprite: {fileID: 3457140294159743500, guid: 40bd8d0e46c944214aeeac6484fee972,
          type: 3}
        time: 0.04
        eventEnabled: 0
        eventName: 
      - sprite: {fileID: 8443247909822206969, guid: 40bd8d0e46c944214aeeac6484fee972,
          type: 3}
        time: 0.04
        eventEnabled: 0
        eventName: 
      - sprite: {fileID: -1809924374220590522, guid: 40bd8d0e46c944214aeeac6484fee972,
          type: 3}
        time: 0.04
        eventEnabled: 0
        eventName: 
      - sprite: {fileID: -4552363214858408237, guid: 40bd8d0e46c944214aeeac6484fee972,
          type: 3}
        time: 0.04
        eventEnabled: 0
        eventName: 
      - sprite: {fileID: 8779054045710678826, guid: 40bd8d0e46c944214aeeac6484fee972,
          type: 3}
        time: 0.04
        eventEnabled: 0
        eventName: 
      - sprite: {fileID: -6823507695217371048, guid: 40bd8d0e46c944214aeeac6484fee972,
          type: 3}
        time: 0.04
        eventEnabled: 0
        eventName: 
      name: violet-idle
      selectedIndex: 0
      newFramesTime: 0.05
      setFramesTime: 0.1
    file: {fileID: 11400000, guid: 220b9d4ed02e74e3a82e5956aae49c17, type: 2}
  animationAsset: {fileID: 11400000, guid: 220b9d4ed02e74e3a82e5956aae49c17, type: 2}
  mode: 0
--- !u!1 &950264773349856090
GameObject:
  m_ObjectHideFlags: 0
  m_CorrespondingSourceObject: {fileID: 0}
  m_PrefabInstance: {fileID: 0}
  m_PrefabAsset: {fileID: 0}
  serializedVersion: 6
  m_Component:
  - component: {fileID: 950264773349856091}
  m_Layer: 5
  m_Name: LevelContainer
  m_TagString: Untagged
  m_Icon: {fileID: 0}
  m_NavMeshLayer: 0
  m_StaticEditorFlags: 0
  m_IsActive: 0
--- !u!224 &950264773349856091
RectTransform:
  m_ObjectHideFlags: 0
  m_CorrespondingSourceObject: {fileID: 0}
  m_PrefabInstance: {fileID: 0}
  m_PrefabAsset: {fileID: 0}
  m_GameObject: {fileID: 950264773349856090}
  m_LocalRotation: {x: -0, y: -0, z: -0, w: 1}
  m_LocalPosition: {x: 0, y: 0, z: 0}
  m_LocalScale: {x: 1, y: 1, z: 1}
  m_Children:
  - {fileID: 950264774106047267}
  - {fileID: 6786249412508692009}
  m_Father: {fileID: 950264772570975535}
  m_RootOrder: 3
  m_LocalEulerAnglesHint: {x: 0, y: 0, z: 0}
  m_AnchorMin: {x: 0.5, y: 0.5}
  m_AnchorMax: {x: 0.5, y: 0.5}
  m_AnchoredPosition: {x: -1, y: -29}
  m_SizeDelta: {x: 44, y: 20}
  m_Pivot: {x: 0.5, y: 0.5}
--- !u!1 &950264773524924092
GameObject:
  m_ObjectHideFlags: 0
  m_CorrespondingSourceObject: {fileID: 0}
  m_PrefabInstance: {fileID: 0}
  m_PrefabAsset: {fileID: 0}
  serializedVersion: 6
  m_Component:
  - component: {fileID: 950264773524924093}
  - component: {fileID: 950264773524924095}
  - component: {fileID: 950264773524924094}
  m_Layer: 5
  m_Name: ActiveGroup
  m_TagString: Untagged
  m_Icon: {fileID: 0}
  m_NavMeshLayer: 0
  m_StaticEditorFlags: 0
  m_IsActive: 0
--- !u!224 &950264773524924093
RectTransform:
  m_ObjectHideFlags: 0
  m_CorrespondingSourceObject: {fileID: 0}
  m_PrefabInstance: {fileID: 0}
  m_PrefabAsset: {fileID: 0}
  m_GameObject: {fileID: 950264773524924092}
  m_LocalRotation: {x: -0, y: -0, z: -0, w: 1}
  m_LocalPosition: {x: 0, y: 0, z: 0}
  m_LocalScale: {x: 1, y: 1, z: 1}
  m_Children: []
  m_Father: {fileID: 950264772570975535}
  m_RootOrder: 5
  m_LocalEulerAnglesHint: {x: 0, y: 0, z: 0}
  m_AnchorMin: {x: 0.5, y: 0.5}
  m_AnchorMax: {x: 0.5, y: 0.5}
  m_AnchoredPosition: {x: -1, y: 1}
  m_SizeDelta: {x: 92, y: 86}
  m_Pivot: {x: 0.5, y: 0.5}
--- !u!222 &950264773524924095
CanvasRenderer:
  m_ObjectHideFlags: 0
  m_CorrespondingSourceObject: {fileID: 0}
  m_PrefabInstance: {fileID: 0}
  m_PrefabAsset: {fileID: 0}
  m_GameObject: {fileID: 950264773524924092}
  m_CullTransparentMesh: 0
--- !u!114 &950264773524924094
MonoBehaviour:
  m_ObjectHideFlags: 0
  m_CorrespondingSourceObject: {fileID: 0}
  m_PrefabInstance: {fileID: 0}
  m_PrefabAsset: {fileID: 0}
  m_GameObject: {fileID: 950264773524924092}
  m_Enabled: 1
  m_EditorHideFlags: 0
  m_Script: {fileID: 11500000, guid: fe87c0e1cc204ed48ad3b37840f39efc, type: 3}
  m_Name: 
  m_EditorClassIdentifier: 
  m_Material: {fileID: 0}
  m_Color: {r: 1, g: 1, b: 1, a: 1}
  m_RaycastTarget: 0
  m_RaycastPadding: {x: 0, y: 0, z: 0, w: 0}
  m_Maskable: 0
  m_OnCullStateChanged:
    m_PersistentCalls:
      m_Calls: []
  m_Sprite: {fileID: 21300000, guid: a6b94a42932b4445d95f66840400fa3b, type: 3}
  m_Type: 0
  m_PreserveAspect: 0
  m_FillCenter: 1
  m_FillMethod: 4
  m_FillAmount: 1
  m_FillClockwise: 1
  m_FillOrigin: 0
  m_UseSpriteMesh: 0
  m_PixelsPerUnitMultiplier: 1
--- !u!1 &950264773656405180
GameObject:
  m_ObjectHideFlags: 0
  m_CorrespondingSourceObject: {fileID: 0}
  m_PrefabInstance: {fileID: 0}
  m_PrefabAsset: {fileID: 0}
  serializedVersion: 6
  m_Component:
  - component: {fileID: 950264773656405181}
  - component: {fileID: 950264773656405176}
  - component: {fileID: 950264773656405183}
  - component: {fileID: 950264773656405182}
  m_Layer: 5
  m_Name: Background
  m_TagString: Untagged
  m_Icon: {fileID: 0}
  m_NavMeshLayer: 0
  m_StaticEditorFlags: 0
  m_IsActive: 1
--- !u!224 &950264773656405181
RectTransform:
  m_ObjectHideFlags: 0
  m_CorrespondingSourceObject: {fileID: 0}
  m_PrefabInstance: {fileID: 0}
  m_PrefabAsset: {fileID: 0}
  m_GameObject: {fileID: 950264773656405180}
  m_LocalRotation: {x: -0, y: -0, z: -0, w: 1}
  m_LocalPosition: {x: 0, y: 0, z: 0}
  m_LocalScale: {x: 1, y: 1, z: 1}
  m_Children: []
  m_Father: {fileID: 950264772570975535}
  m_RootOrder: 0
  m_LocalEulerAnglesHint: {x: 0, y: 0, z: 0}
  m_AnchorMin: {x: 0.5, y: 0.5}
  m_AnchorMax: {x: 0.5, y: 0.5}
  m_AnchoredPosition: {x: -1, y: 1}
  m_SizeDelta: {x: 62, y: 56}
  m_Pivot: {x: 0.5, y: 0.5}
--- !u!222 &950264773656405176
CanvasRenderer:
  m_ObjectHideFlags: 0
  m_CorrespondingSourceObject: {fileID: 0}
  m_PrefabInstance: {fileID: 0}
  m_PrefabAsset: {fileID: 0}
  m_GameObject: {fileID: 950264773656405180}
  m_CullTransparentMesh: 0
--- !u!114 &950264773656405183
MonoBehaviour:
  m_ObjectHideFlags: 0
  m_CorrespondingSourceObject: {fileID: 0}
  m_PrefabInstance: {fileID: 0}
  m_PrefabAsset: {fileID: 0}
  m_GameObject: {fileID: 950264773656405180}
  m_Enabled: 1
  m_EditorHideFlags: 0
  m_Script: {fileID: 11500000, guid: fe87c0e1cc204ed48ad3b37840f39efc, type: 3}
  m_Name: 
  m_EditorClassIdentifier: 
  m_Material: {fileID: 0}
  m_Color: {r: 1, g: 1, b: 1, a: 1}
  m_RaycastTarget: 0
  m_RaycastPadding: {x: 0, y: 0, z: 0, w: 0}
  m_Maskable: 1
  m_OnCullStateChanged:
    m_PersistentCalls:
      m_Calls: []
  m_Sprite: {fileID: 21300000, guid: 709fbd1c484f0452b89bb1df24adf41b, type: 3}
  m_Type: 0
  m_PreserveAspect: 0
  m_FillCenter: 1
  m_FillMethod: 4
  m_FillAmount: 1
  m_FillClockwise: 1
  m_FillOrigin: 0
  m_UseSpriteMesh: 0
  m_PixelsPerUnitMultiplier: 1
--- !u!114 &950264773656405182
MonoBehaviour:
  m_ObjectHideFlags: 0
  m_CorrespondingSourceObject: {fileID: 0}
  m_PrefabInstance: {fileID: 0}
  m_PrefabAsset: {fileID: 0}
  m_GameObject: {fileID: 950264773656405180}
  m_Enabled: 1
  m_EditorHideFlags: 0
  m_Script: {fileID: 11500000, guid: 88fb3ea51bb752b49abd5037a4f40f6a, type: 3}
  m_Name: 
  m_EditorClassIdentifier: 
  playing: 1
  paused: 0
  timer: 0
  animIdx: -1
  currentIdx: 0
  speedRatio: 1
  playFrom: 0
  overrideTimeScale: 0
  timeScaleOverride: 0
  list:
  - animationName: balance
    animation:
      speedRatio: 1
      loop: 1
      frameToLoop: 0
      frameDatas:
      - sprite: {fileID: 21300000, guid: 9454760c9ffe645649cef20ac2083a7c, type: 3}
        time: 0.06
        eventEnabled: 0
        eventName: 
      name: balance
      selectedIndex: 0
      newFramesTime: 0.05
      setFramesTime: 0.1
    file: {fileID: 11400000, guid: 713f64a0bd790419a8f4942941c7f7ab, type: 2}
  - animationName: chaos
    animation:
      speedRatio: 1
      loop: 1
      frameToLoop: 0
      frameDatas:
      - sprite: {fileID: 21300000, guid: 984ab4c552d364a9588261f5d586d724, type: 3}
        time: 0.06
        eventEnabled: 0
        eventName: 
      name: chaos
      selectedIndex: 0
      newFramesTime: 0.05
      setFramesTime: 0.1
    file: {fileID: 11400000, guid: 713f64a0bd790419a8f4942941c7f7ab, type: 2}
  - animationName: fortune
    animation:
      speedRatio: 1
      loop: 1
      frameToLoop: 0
      frameDatas:
      - sprite: {fileID: 21300000, guid: 96e77decf388549eca1db1a8e28e140f, type: 3}
        time: 0.06
        eventEnabled: 0
        eventName: 
      name: fortune
      selectedIndex: 0
      newFramesTime: 0.05
      setFramesTime: 0.1
    file: {fileID: 11400000, guid: 713f64a0bd790419a8f4942941c7f7ab, type: 2}
  - animationName: nature
    animation:
      speedRatio: 1
      loop: 1
      frameToLoop: 0
      frameDatas:
      - sprite: {fileID: 21300000, guid: 800d592ca13414e7991375d383652dc2, type: 3}
        time: 0.06
        eventEnabled: 0
        eventName: 
      name: nature
      selectedIndex: 0
      newFramesTime: 0.05
      setFramesTime: 0.1
    file: {fileID: 11400000, guid: 713f64a0bd790419a8f4942941c7f7ab, type: 2}
  - animationName: neutral
    animation:
      speedRatio: 1
      loop: 1
      frameToLoop: 0
      frameDatas:
      - sprite: {fileID: 21300000, guid: a76647f1476d74d429530894b2876bb8, type: 3}
        time: 0.06
        eventEnabled: 0
        eventName: 
      name: neutral
      selectedIndex: 0
      newFramesTime: 0.05
      setFramesTime: 0.1
    file: {fileID: 11400000, guid: 713f64a0bd790419a8f4942941c7f7ab, type: 2}
  - animationName: war
    animation:
      speedRatio: 1
      loop: 1
      frameToLoop: 0
      frameDatas:
      - sprite: {fileID: 21300000, guid: 709fbd1c484f0452b89bb1df24adf41b, type: 3}
        time: 0.06
        eventEnabled: 0
        eventName: 
      name: war
      selectedIndex: 0
      newFramesTime: 0.05
      setFramesTime: 0.1
    file: {fileID: 11400000, guid: 713f64a0bd790419a8f4942941c7f7ab, type: 2}
  animationAsset: {fileID: 11400000, guid: 713f64a0bd790419a8f4942941c7f7ab, type: 2}
  mode: 0
--- !u!1 &950264774106047266
GameObject:
  m_ObjectHideFlags: 0
  m_CorrespondingSourceObject: {fileID: 0}
  m_PrefabInstance: {fileID: 0}
  m_PrefabAsset: {fileID: 0}
  serializedVersion: 6
  m_Component:
  - component: {fileID: 950264774106047267}
  - component: {fileID: 950264774106047293}
  - component: {fileID: 950264774106047292}
  m_Layer: 5
  m_Name: Container
  m_TagString: Untagged
  m_Icon: {fileID: 0}
  m_NavMeshLayer: 0
  m_StaticEditorFlags: 0
  m_IsActive: 1
--- !u!224 &950264774106047267
RectTransform:
  m_ObjectHideFlags: 0
  m_CorrespondingSourceObject: {fileID: 0}
  m_PrefabInstance: {fileID: 0}
  m_PrefabAsset: {fileID: 0}
  m_GameObject: {fileID: 950264774106047266}
  m_LocalRotation: {x: 0, y: 0, z: 0, w: 1}
  m_LocalPosition: {x: 0, y: 0, z: -5}
  m_LocalScale: {x: 1, y: 1, z: 1}
  m_Children: []
  m_Father: {fileID: 950264773349856091}
  m_RootOrder: 0
  m_LocalEulerAnglesHint: {x: 0, y: 0, z: 0}
  m_AnchorMin: {x: 0.5, y: 0.5}
  m_AnchorMax: {x: 0.5, y: 0.5}
  m_AnchoredPosition: {x: 0, y: 0}
  m_SizeDelta: {x: 44, y: 20}
  m_Pivot: {x: 0.5, y: 0.5}
--- !u!222 &950264774106047293
CanvasRenderer:
  m_ObjectHideFlags: 0
  m_CorrespondingSourceObject: {fileID: 0}
  m_PrefabInstance: {fileID: 0}
  m_PrefabAsset: {fileID: 0}
  m_GameObject: {fileID: 950264774106047266}
  m_CullTransparentMesh: 0
--- !u!114 &950264774106047292
MonoBehaviour:
  m_ObjectHideFlags: 0
  m_CorrespondingSourceObject: {fileID: 0}
  m_PrefabInstance: {fileID: 0}
  m_PrefabAsset: {fileID: 0}
  m_GameObject: {fileID: 950264774106047266}
  m_Enabled: 1
  m_EditorHideFlags: 0
  m_Script: {fileID: 11500000, guid: fe87c0e1cc204ed48ad3b37840f39efc, type: 3}
  m_Name: 
  m_EditorClassIdentifier: 
  m_Material: {fileID: 0}
  m_Color: {r: 1, g: 1, b: 1, a: 1}
  m_RaycastTarget: 0
  m_RaycastPadding: {x: 0, y: 0, z: 0, w: 0}
  m_Maskable: 1
  m_OnCullStateChanged:
    m_PersistentCalls:
      m_Calls: []
  m_Sprite: {fileID: 21300000, guid: c6acc4c1fee7a43a2ba5dd100454bd92, type: 3}
  m_Type: 0
  m_PreserveAspect: 0
  m_FillCenter: 1
  m_FillMethod: 4
  m_FillAmount: 1
  m_FillClockwise: 1
  m_FillOrigin: 0
  m_UseSpriteMesh: 0
  m_PixelsPerUnitMultiplier: 1
--- !u!1 &2942789471790500263
GameObject:
  m_ObjectHideFlags: 0
  m_CorrespondingSourceObject: {fileID: 0}
  m_PrefabInstance: {fileID: 0}
  m_PrefabAsset: {fileID: 0}
  serializedVersion: 6
  m_Component:
  - component: {fileID: 4417308428370007564}
  - component: {fileID: 506404249931723405}
  - component: {fileID: 2522590984384400504}
  m_Layer: 5
  m_Name: LockedFrame
  m_TagString: Untagged
  m_Icon: {fileID: 0}
  m_NavMeshLayer: 0
  m_StaticEditorFlags: 0
  m_IsActive: 1
--- !u!224 &4417308428370007564
RectTransform:
  m_ObjectHideFlags: 0
  m_CorrespondingSourceObject: {fileID: 0}
  m_PrefabInstance: {fileID: 0}
  m_PrefabAsset: {fileID: 0}
  m_GameObject: {fileID: 2942789471790500263}
  m_LocalRotation: {x: 0, y: 0, z: 0, w: 1}
  m_LocalPosition: {x: 0, y: 0, z: 0}
  m_LocalScale: {x: 1, y: 1, z: 1}
  m_Children: []
  m_Father: {fileID: 950264772570975535}
  m_RootOrder: 7
  m_LocalEulerAnglesHint: {x: 0, y: 0, z: 0}
  m_AnchorMin: {x: 0.5, y: 0.5}
  m_AnchorMax: {x: 0.5, y: 0.5}
  m_AnchoredPosition: {x: 0, y: 0}
  m_SizeDelta: {x: 80, y: 80}
  m_Pivot: {x: 0.5, y: 0.5}
--- !u!222 &506404249931723405
CanvasRenderer:
  m_ObjectHideFlags: 0
  m_CorrespondingSourceObject: {fileID: 0}
  m_PrefabInstance: {fileID: 0}
  m_PrefabAsset: {fileID: 0}
  m_GameObject: {fileID: 2942789471790500263}
  m_CullTransparentMesh: 1
--- !u!114 &2522590984384400504
MonoBehaviour:
  m_ObjectHideFlags: 0
  m_CorrespondingSourceObject: {fileID: 0}
  m_PrefabInstance: {fileID: 0}
  m_PrefabAsset: {fileID: 0}
  m_GameObject: {fileID: 2942789471790500263}
  m_Enabled: 1
  m_EditorHideFlags: 0
  m_Script: {fileID: 11500000, guid: fe87c0e1cc204ed48ad3b37840f39efc, type: 3}
  m_Name: 
  m_EditorClassIdentifier: 
  m_Material: {fileID: 0}
  m_Color: {r: 1, g: 1, b: 1, a: 1}
  m_RaycastTarget: 0
  m_RaycastPadding: {x: 0, y: 0, z: 0, w: 0}
  m_Maskable: 0
  m_OnCullStateChanged:
    m_PersistentCalls:
      m_Calls: []
  m_Sprite: {fileID: 21300000, guid: d61dcd700347743e19ad55e337cb550c, type: 3}
  m_Type: 0
  m_PreserveAspect: 0
  m_FillCenter: 1
  m_FillMethod: 4
  m_FillAmount: 1
  m_FillClockwise: 1
  m_FillOrigin: 0
  m_UseSpriteMesh: 0
  m_PixelsPerUnitMultiplier: 1
--- !u!1 &3695303522047350338
GameObject:
  m_ObjectHideFlags: 0
  m_CorrespondingSourceObject: {fileID: 0}
  m_PrefabInstance: {fileID: 0}
  m_PrefabAsset: {fileID: 0}
  serializedVersion: 6
  m_Component:
  - component: {fileID: 585391233530289255}
  - component: {fileID: 4673970235169622709}
  - component: {fileID: 3725460126220995658}
  m_Layer: 5
  m_Name: InactiveGroup
  m_TagString: Untagged
  m_Icon: {fileID: 0}
  m_NavMeshLayer: 0
  m_StaticEditorFlags: 0
  m_IsActive: 1
--- !u!224 &585391233530289255
RectTransform:
  m_ObjectHideFlags: 0
  m_CorrespondingSourceObject: {fileID: 0}
  m_PrefabInstance: {fileID: 0}
  m_PrefabAsset: {fileID: 0}
  m_GameObject: {fileID: 3695303522047350338}
  m_LocalRotation: {x: 0, y: 0, z: 0, w: 1}
  m_LocalPosition: {x: 0, y: 0, z: 0}
  m_LocalScale: {x: 1, y: 1, z: 1}
  m_Children: []
  m_Father: {fileID: 950264772570975535}
  m_RootOrder: 6
  m_LocalEulerAnglesHint: {x: 0, y: 0, z: 0}
  m_AnchorMin: {x: 0.5, y: 0.5}
  m_AnchorMax: {x: 0.5, y: 0.5}
  m_AnchoredPosition: {x: 0, y: 0}
  m_SizeDelta: {x: 80, y: 74}
  m_Pivot: {x: 0.5, y: 0.5}
--- !u!222 &4673970235169622709
CanvasRenderer:
  m_ObjectHideFlags: 0
  m_CorrespondingSourceObject: {fileID: 0}
  m_PrefabInstance: {fileID: 0}
  m_PrefabAsset: {fileID: 0}
  m_GameObject: {fileID: 3695303522047350338}
  m_CullTransparentMesh: 0
--- !u!114 &3725460126220995658
MonoBehaviour:
  m_ObjectHideFlags: 0
  m_CorrespondingSourceObject: {fileID: 0}
  m_PrefabInstance: {fileID: 0}
  m_PrefabAsset: {fileID: 0}
  m_GameObject: {fileID: 3695303522047350338}
  m_Enabled: 1
  m_EditorHideFlags: 0
  m_Script: {fileID: 11500000, guid: fe87c0e1cc204ed48ad3b37840f39efc, type: 3}
  m_Name: 
  m_EditorClassIdentifier: 
  m_Material: {fileID: 0}
  m_Color: {r: 0, g: 0, b: 0, a: 0.15686275}
  m_RaycastTarget: 1
  m_RaycastPadding: {x: 0, y: 0, z: 0, w: 0}
  m_Maskable: 1
  m_OnCullStateChanged:
    m_PersistentCalls:
      m_Calls: []
  m_Sprite: {fileID: 0}
  m_Type: 0
  m_PreserveAspect: 0
  m_FillCenter: 1
  m_FillMethod: 4
  m_FillAmount: 1
  m_FillClockwise: 1
  m_FillOrigin: 0
  m_UseSpriteMesh: 0
  m_PixelsPerUnitMultiplier: 1
--- !u!1 &6786249412508692010
GameObject:
  m_ObjectHideFlags: 0
  m_CorrespondingSourceObject: {fileID: 0}
  m_PrefabInstance: {fileID: 0}
  m_PrefabAsset: {fileID: 0}
  serializedVersion: 6
  m_Component:
  - component: {fileID: 6786249412508692009}
  m_Layer: 5
  m_Name: LevelContainer
  m_TagString: Untagged
  m_Icon: {fileID: 0}
  m_NavMeshLayer: 0
  m_StaticEditorFlags: 0
  m_IsActive: 1
--- !u!224 &6786249412508692009
RectTransform:
  m_ObjectHideFlags: 0
  m_CorrespondingSourceObject: {fileID: 0}
  m_PrefabInstance: {fileID: 0}
  m_PrefabAsset: {fileID: 0}
  m_GameObject: {fileID: 6786249412508692010}
  m_LocalRotation: {x: -0, y: -0, z: -0, w: 1}
  m_LocalPosition: {x: 0, y: 0, z: 0}
  m_LocalScale: {x: 1, y: 1, z: 1}
  m_Children:
  - {fileID: 6786249412618672568}
  - {fileID: 6786249412853861964}
  m_Father: {fileID: 950264773349856091}
  m_RootOrder: 1
  m_LocalEulerAnglesHint: {x: 0, y: 0, z: 0}
  m_AnchorMin: {x: 0.5, y: 0.5}
  m_AnchorMax: {x: 0.5, y: 0.5}
  m_AnchoredPosition: {x: -3, y: 13}
  m_SizeDelta: {x: 0, y: 0}
  m_Pivot: {x: 0.5, y: 0.5}
--- !u!1 &6786249412618672569
GameObject:
  m_ObjectHideFlags: 0
  m_CorrespondingSourceObject: {fileID: 0}
  m_PrefabInstance: {fileID: 0}
  m_PrefabAsset: {fileID: 0}
  serializedVersion: 6
  m_Component:
  - component: {fileID: 6786249412618672568}
  - component: {fileID: 6786249412618672573}
  - component: {fileID: 6786249412618672574}
  - component: {fileID: 6786249412618672575}
  m_Layer: 5
  m_Name: LevelIcon
  m_TagString: Untagged
  m_Icon: {fileID: 0}
  m_NavMeshLayer: 0
  m_StaticEditorFlags: 0
  m_IsActive: 1
--- !u!224 &6786249412618672568
RectTransform:
  m_ObjectHideFlags: 0
  m_CorrespondingSourceObject: {fileID: 0}
  m_PrefabInstance: {fileID: 0}
  m_PrefabAsset: {fileID: 0}
  m_GameObject: {fileID: 6786249412618672569}
  m_LocalRotation: {x: -0, y: -0, z: -0, w: 1}
  m_LocalPosition: {x: 0, y: 0, z: 0}
  m_LocalScale: {x: 1, y: 1, z: 1}
  m_Children: []
  m_Father: {fileID: 6786249412508692009}
  m_RootOrder: 0
  m_LocalEulerAnglesHint: {x: 0, y: 0, z: 0}
  m_AnchorMin: {x: 0.5, y: 0.5}
  m_AnchorMax: {x: 0.5, y: 0.5}
  m_AnchoredPosition: {x: -7, y: -12}
  m_SizeDelta: {x: 12, y: 10}
  m_Pivot: {x: 0.5, y: 0.5}
--- !u!222 &6786249412618672573
CanvasRenderer:
  m_ObjectHideFlags: 0
  m_CorrespondingSourceObject: {fileID: 0}
  m_PrefabInstance: {fileID: 0}
  m_PrefabAsset: {fileID: 0}
  m_GameObject: {fileID: 6786249412618672569}
  m_CullTransparentMesh: 1
--- !u!114 &6786249412618672574
MonoBehaviour:
  m_ObjectHideFlags: 0
  m_CorrespondingSourceObject: {fileID: 0}
  m_PrefabInstance: {fileID: 0}
  m_PrefabAsset: {fileID: 0}
  m_GameObject: {fileID: 6786249412618672569}
  m_Enabled: 1
  m_EditorHideFlags: 0
  m_Script: {fileID: 11500000, guid: fe87c0e1cc204ed48ad3b37840f39efc, type: 3}
  m_Name: 
  m_EditorClassIdentifier: 
  m_Material: {fileID: 0}
  m_Color: {r: 1, g: 1, b: 1, a: 1}
  m_RaycastTarget: 0
  m_RaycastPadding: {x: 0, y: 0, z: 0, w: 0}
  m_Maskable: 0
  m_OnCullStateChanged:
    m_PersistentCalls:
      m_Calls: []
  m_Sprite: {fileID: 21300000, guid: 7480dd48bbc624a1a9e1aad491a428a1, type: 3}
  m_Type: 0
  m_PreserveAspect: 0
  m_FillCenter: 1
  m_FillMethod: 4
  m_FillAmount: 1
  m_FillClockwise: 1
  m_FillOrigin: 0
  m_UseSpriteMesh: 0
  m_PixelsPerUnitMultiplier: 1
--- !u!114 &6786249412618672575
MonoBehaviour:
  m_ObjectHideFlags: 0
  m_CorrespondingSourceObject: {fileID: 0}
  m_PrefabInstance: {fileID: 0}
  m_PrefabAsset: {fileID: 0}
  m_GameObject: {fileID: 6786249412618672569}
  m_Enabled: 1
  m_EditorHideFlags: 0
  m_Script: {fileID: 11500000, guid: 88fb3ea51bb752b49abd5037a4f40f6a, type: 3}
  m_Name: 
  m_EditorClassIdentifier: 
  playing: 0
  paused: 0
  timer: 0
  animIdx: -1
  currentIdx: 0
  speedRatio: 1
  playFrom: 0
  overrideTimeScale: 0
  timeScaleOverride: 0
  list:
  - animationName: balance
    animation:
      speedRatio: 1
      loop: 0
      frameToLoop: 0
      frameDatas:
      - sprite: {fileID: 21300000, guid: 8b3449500479746e187aca7bee580c92, type: 3}
        time: 0.04
        eventEnabled: 0
        eventName: 
      name: balance
      selectedIndex: 0
      newFramesTime: 0.05
      setFramesTime: 0.1
    file: {fileID: 11400000, guid: 8018e768c3d074e7886a25a9661cdde7, type: 2}
  - animationName: chaos
    animation:
      speedRatio: 1
      loop: 0
      frameToLoop: 0
      frameDatas:
      - sprite: {fileID: 21300000, guid: 7480dd48bbc624a1a9e1aad491a428a1, type: 3}
        time: 0.04
        eventEnabled: 0
        eventName: 
      name: chaos
      selectedIndex: 0
      newFramesTime: 0.05
      setFramesTime: 0.1
    file: {fileID: 11400000, guid: 8018e768c3d074e7886a25a9661cdde7, type: 2}
  - animationName: fortune
    animation:
      speedRatio: 1
      loop: 0
      frameToLoop: 0
      frameDatas:
      - sprite: {fileID: 21300000, guid: 93213283eb2e74d78a0bf170a996789d, type: 3}
        time: 0.04
        eventEnabled: 0
        eventName: 
      name: fortune
      selectedIndex: 0
      newFramesTime: 0.05
      setFramesTime: 0.1
    file: {fileID: 11400000, guid: 8018e768c3d074e7886a25a9661cdde7, type: 2}
  - animationName: generic
    animation:
      speedRatio: 1
      loop: 0
      frameToLoop: 0
      frameDatas:
      - sprite: {fileID: 21300000, guid: a44032794b804402a923b856bd4716d4, type: 3}
        time: 0.04
        eventEnabled: 0
        eventName: 
      name: generic
      selectedIndex: 0
      newFramesTime: 0.05
      setFramesTime: 0.1
    file: {fileID: 11400000, guid: 8018e768c3d074e7886a25a9661cdde7, type: 2}
  - animationName: nature
    animation:
      speedRatio: 1
      loop: 0
      frameToLoop: 0
      frameDatas:
      - sprite: {fileID: 21300000, guid: aafb32a3fb9b5482aabeab582becbcf3, type: 3}
        time: 0.04
        eventEnabled: 0
        eventName: 
      name: nature
      selectedIndex: 0
      newFramesTime: 0.05
      setFramesTime: 0.1
    file: {fileID: 11400000, guid: 8018e768c3d074e7886a25a9661cdde7, type: 2}
  - animationName: war
    animation:
      speedRatio: 1
      loop: 0
      frameToLoop: 0
      frameDatas:
      - sprite: {fileID: 21300000, guid: 06819213bbb7a401bb7934b560d9d34d, type: 3}
        time: 0.04
        eventEnabled: 0
        eventName: 
      name: war
      selectedIndex: 0
      newFramesTime: 0.05
      setFramesTime: 0.1
    file: {fileID: 11400000, guid: 8018e768c3d074e7886a25a9661cdde7, type: 2}
  animationAsset: {fileID: 11400000, guid: 8018e768c3d074e7886a25a9661cdde7, type: 2}
  mode: 0
--- !u!1 &6786249412853861965
GameObject:
  m_ObjectHideFlags: 0
  m_CorrespondingSourceObject: {fileID: 0}
  m_PrefabInstance: {fileID: 0}
  m_PrefabAsset: {fileID: 0}
  serializedVersion: 6
  m_Component:
  - component: {fileID: 6786249412853861964}
  - component: {fileID: 6786249412853862066}
  - component: {fileID: 6786249412853862067}
  m_Layer: 5
  m_Name: LevelNumber
  m_TagString: Untagged
  m_Icon: {fileID: 0}
  m_NavMeshLayer: 0
  m_StaticEditorFlags: 0
  m_IsActive: 1
--- !u!224 &6786249412853861964
RectTransform:
  m_ObjectHideFlags: 0
  m_CorrespondingSourceObject: {fileID: 0}
  m_PrefabInstance: {fileID: 0}
  m_PrefabAsset: {fileID: 0}
  m_GameObject: {fileID: 6786249412853861965}
  m_LocalRotation: {x: -0, y: -0, z: -0, w: 1}
  m_LocalPosition: {x: 0, y: 0, z: 0}
  m_LocalScale: {x: 1, y: 1, z: 1}
  m_Children: []
  m_Father: {fileID: 6786249412508692009}
  m_RootOrder: 1
  m_LocalEulerAnglesHint: {x: 0, y: 0, z: 0}
  m_AnchorMin: {x: 0, y: 1}
  m_AnchorMax: {x: 0, y: 1}
  m_AnchoredPosition: {x: -3, y: -4}
  m_SizeDelta: {x: 38, y: 13}
  m_Pivot: {x: 0, y: 1}
--- !u!222 &6786249412853862066
CanvasRenderer:
  m_ObjectHideFlags: 0
  m_CorrespondingSourceObject: {fileID: 0}
  m_PrefabInstance: {fileID: 0}
  m_PrefabAsset: {fileID: 0}
  m_GameObject: {fileID: 6786249412853861965}
  m_CullTransparentMesh: 1
--- !u!114 &6786249412853862067
MonoBehaviour:
  m_ObjectHideFlags: 0
  m_CorrespondingSourceObject: {fileID: 0}
  m_PrefabInstance: {fileID: 0}
  m_PrefabAsset: {fileID: 0}
  m_GameObject: {fileID: 6786249412853861965}
  m_Enabled: 1
  m_EditorHideFlags: 0
  m_Script: {fileID: 11500000, guid: f4688fdb7df04437aeb418b961361dc5, type: 3}
  m_Name: 
  m_EditorClassIdentifier: 
  m_Material: {fileID: 0}
  m_Color: {r: 1, g: 1, b: 1, a: 1}
  m_RaycastTarget: 1
  m_RaycastPadding: {x: 0, y: 0, z: 0, w: 0}
  m_Maskable: 1
  m_OnCullStateChanged:
    m_PersistentCalls:
      m_Calls: []
  m_text: 200
  m_isRightToLeft: 0
  m_fontAsset: {fileID: 11400000, guid: 3f195ee05daea4ed3b7347b21a108e77, type: 2}
  m_sharedMaterial: {fileID: 21411123681564434, guid: 3f195ee05daea4ed3b7347b21a108e77,
    type: 2}
  m_fontSharedMaterials: []
  m_fontMaterial: {fileID: 0}
  m_fontMaterials: []
  m_fontColor32:
    serializedVersion: 2
    rgba: 4294967295
  m_fontColor: {r: 1, g: 1, b: 1, a: 1}
  m_enableVertexGradient: 0
  m_colorMode: 3
  m_fontColorGradient:
    topLeft: {r: 1, g: 1, b: 1, a: 1}
    topRight: {r: 1, g: 1, b: 1, a: 1}
    bottomLeft: {r: 1, g: 1, b: 1, a: 1}
    bottomRight: {r: 1, g: 1, b: 1, a: 1}
  m_fontColorGradientPreset: {fileID: 0}
  m_spriteAsset: {fileID: 0}
  m_tintAllSprites: 0
  m_StyleSheet: {fileID: 0}
  m_TextStyleHashCode: -1183493901
  m_overrideHtmlColors: 0
  m_faceColor:
    serializedVersion: 2
    rgba: 4294967295
  m_fontSize: 14
  m_fontSizeBase: 14
  m_fontWeight: 400
  m_enableAutoSizing: 0
  m_fontSizeMin: 18
  m_fontSizeMax: 72
  m_fontStyle: 0
  m_HorizontalAlignment: 1
  m_VerticalAlignment: 256
  m_textAlignment: 65535
  m_characterSpacing: 0
  m_wordSpacing: 0
  m_lineSpacing: 0
  m_lineSpacingMax: 0
  m_paragraphSpacing: 0
  m_charWidthMaxAdj: 0
  m_enableWordWrapping: 1
  m_wordWrappingRatios: 0.4
  m_overflowMode: 0
  m_linkedTextComponent: {fileID: 0}
  parentLinkedComponent: {fileID: 0}
  m_enableKerning: 1
  m_enableExtraPadding: 0
  checkPaddingRequired: 0
  m_isRichText: 1
  m_parseCtrlCharacters: 1
  m_isOrthographic: 1
  m_isCullingEnabled: 0
  m_horizontalMapping: 0
  m_verticalMapping: 0
  m_uvLineOffset: 0
  m_geometrySortingOrder: 0
  m_IsTextObjectScaleStatic: 0
  m_VertexBufferAutoSizeReduction: 1
  m_useMaxVisibleDescender: 1
  m_pageToDisplay: 1
  m_margin: {x: 0, y: 0, z: 0, w: 0}
  m_isUsingLegacyAnimationComponent: 0
  m_isVolumetricText: 0
  m_hasFontAssetChanged: 0
  m_baseMaterial: {fileID: 0}
  m_maskOffset: {x: 0, y: 0, z: 0, w: 0}
--- !u!1 &8983029416929530339
GameObject:
  m_ObjectHideFlags: 0
  m_CorrespondingSourceObject: {fileID: 0}
  m_PrefabInstance: {fileID: 0}
  m_PrefabAsset: {fileID: 0}
  serializedVersion: 6
  m_Component:
  - component: {fileID: 4266055105279009586}
  - component: {fileID: 3129840381009725113}
  - component: {fileID: 7708361801484650601}
  - component: {fileID: 1258839656333471911}
  m_Layer: 5
  m_Name: HitEffect
  m_TagString: Untagged
  m_Icon: {fileID: 0}
  m_NavMeshLayer: 0
  m_StaticEditorFlags: 0
  m_IsActive: 1
--- !u!224 &4266055105279009586
RectTransform:
  m_ObjectHideFlags: 0
  m_CorrespondingSourceObject: {fileID: 0}
  m_PrefabInstance: {fileID: 0}
  m_PrefabAsset: {fileID: 0}
  m_GameObject: {fileID: 8983029416929530339}
  m_LocalRotation: {x: -0, y: -0, z: -0, w: 1}
  m_LocalPosition: {x: 0, y: 0, z: 0}
  m_LocalScale: {x: 1, y: 1, z: 1}
  m_Children: []
  m_Father: {fileID: 950264772570975535}
  m_RootOrder: 4
  m_LocalEulerAnglesHint: {x: 0, y: 0, z: 0}
  m_AnchorMin: {x: 0.5, y: 0.5}
  m_AnchorMax: {x: 0.5, y: 0.5}
  m_AnchoredPosition: {x: -1, y: 1}
  m_SizeDelta: {x: 78, y: 72}
  m_Pivot: {x: 0.5, y: 0.5}
--- !u!222 &3129840381009725113
CanvasRenderer:
  m_ObjectHideFlags: 0
  m_CorrespondingSourceObject: {fileID: 0}
  m_PrefabInstance: {fileID: 0}
  m_PrefabAsset: {fileID: 0}
  m_GameObject: {fileID: 8983029416929530339}
  m_CullTransparentMesh: 0
--- !u!114 &7708361801484650601
MonoBehaviour:
  m_ObjectHideFlags: 0
  m_CorrespondingSourceObject: {fileID: 0}
  m_PrefabInstance: {fileID: 0}
  m_PrefabAsset: {fileID: 0}
  m_GameObject: {fileID: 8983029416929530339}
  m_Enabled: 1
  m_EditorHideFlags: 0
  m_Script: {fileID: 11500000, guid: fe87c0e1cc204ed48ad3b37840f39efc, type: 3}
  m_Name: 
  m_EditorClassIdentifier: 
  m_Material: {fileID: 0}
  m_Color: {r: 1, g: 1, b: 1, a: 0.6509804}
  m_RaycastTarget: 0
  m_RaycastPadding: {x: 0, y: 0, z: 0, w: 0}
  m_Maskable: 1
  m_OnCullStateChanged:
    m_PersistentCalls:
      m_Calls: []
  m_Sprite: {fileID: 0}
  m_Type: 0
  m_PreserveAspect: 0
  m_FillCenter: 1
  m_FillMethod: 4
  m_FillAmount: 1
  m_FillClockwise: 1
  m_FillOrigin: 0
  m_UseSpriteMesh: 0
  m_PixelsPerUnitMultiplier: 1
--- !u!225 &1258839656333471911
CanvasGroup:
  m_ObjectHideFlags: 0
  m_CorrespondingSourceObject: {fileID: 0}
  m_PrefabInstance: {fileID: 0}
  m_PrefabAsset: {fileID: 0}
  m_GameObject: {fileID: 8983029416929530339}
  m_Enabled: 1
  m_Alpha: 0
  m_Interactable: 0
  m_BlocksRaycasts: 0
  m_IgnoreParentGroups: 0
