%YAML 1.1
%TAG !u! tag:unity3d.com,2011:
--- !u!1 &2922751120548118988
GameObject:
  m_ObjectHideFlags: 0
  m_CorrespondingSourceObject: {fileID: 0}
  m_PrefabInstance: {fileID: 0}
  m_PrefabAsset: {fileID: 0}
  serializedVersion: 6
  m_Component:
  - component: {fileID: 8759170253622099176}
  - component: {fileID: 5989739644957086966}
  m_Layer: 5
  m_Name: ImportCard
  m_TagString: Untagged
  m_Icon: {fileID: 0}
  m_NavMeshLayer: 0
  m_StaticEditorFlags: 0
  m_IsActive: 1
--- !u!224 &8759170253622099176
RectTransform:
  m_ObjectHideFlags: 0
  m_CorrespondingSourceObject: {fileID: 0}
  m_PrefabInstance: {fileID: 0}
  m_PrefabAsset: {fileID: 0}
  m_GameObject: {fileID: 2922751120548118988}
  m_LocalRotation: {x: 0, y: 0, z: 0, w: 1}
  m_LocalPosition: {x: 0, y: 0, z: 0}
  m_LocalScale: {x: 1, y: 1, z: 1}
  m_Children:
  - {fileID: 3431939993781545662}
  - {fileID: 129164867575741844}
  m_Father: {fileID: 0}
  m_RootOrder: 0
  m_LocalEulerAnglesHint: {x: 0, y: 0, z: 0}
  m_AnchorMin: {x: 0.5, y: 0.5}
  m_AnchorMax: {x: 0.5, y: 0.5}
  m_AnchoredPosition: {x: 0, y: 0}
  m_SizeDelta: {x: 88, y: 100}
  m_Pivot: {x: 0.5, y: 0.5}
--- !u!114 &5989739644957086966
MonoBehaviour:
  m_ObjectHideFlags: 0
  m_CorrespondingSourceObject: {fileID: 0}
  m_PrefabInstance: {fileID: 0}
  m_PrefabAsset: {fileID: 0}
  m_GameObject: {fileID: 2922751120548118988}
  m_Enabled: 1
  m_EditorHideFlags: 0
  m_Script: {fileID: 11500000, guid: b2698a77cd9a8435c914ace410d47577, type: 3}
  m_Name: 
  m_EditorClassIdentifier: 
  cardView: {fileID: 8343291291462128452}
  cardViewZoomed: {fileID: 129164867575741845}
--- !u!1001 &6539233457068185849
PrefabInstance:
  m_ObjectHideFlags: 0
  serializedVersion: 2
  m_Modification:
    m_TransformParent: {fileID: 8759170253622099176}
    m_Modifications:
    - target: {fileID: 6560307516170429806, guid: 2e105a7674d944f5aa73b32a209b9f30,
        type: 3}
      propertyPath: m_Name
      value: CardViewLarge
      objectReference: {fileID: 0}
    - target: {fileID: 6560307516170429806, guid: 2e105a7674d944f5aa73b32a209b9f30,
        type: 3}
      propertyPath: m_IsActive
      value: 0
      objectReference: {fileID: 0}
    - target: {fileID: 6560307516170429805, guid: 2e105a7674d944f5aa73b32a209b9f30,
        type: 3}
      propertyPath: m_LocalPosition.x
      value: 0
      objectReference: {fileID: 0}
    - target: {fileID: 6560307516170429805, guid: 2e105a7674d944f5aa73b32a209b9f30,
        type: 3}
      propertyPath: m_LocalPosition.y
      value: 0
      objectReference: {fileID: 0}
    - target: {fileID: 6560307516170429805, guid: 2e105a7674d944f5aa73b32a209b9f30,
        type: 3}
      propertyPath: m_LocalPosition.z
      value: 0
      objectReference: {fileID: 0}
    - target: {fileID: 6560307516170429805, guid: 2e105a7674d944f5aa73b32a209b9f30,
        type: 3}
      propertyPath: m_LocalRotation.x
      value: -0
      objectReference: {fileID: 0}
    - target: {fileID: 6560307516170429805, guid: 2e105a7674d944f5aa73b32a209b9f30,
        type: 3}
      propertyPath: m_LocalRotation.y
      value: -0
      objectReference: {fileID: 0}
    - target: {fileID: 6560307516170429805, guid: 2e105a7674d944f5aa73b32a209b9f30,
        type: 3}
      propertyPath: m_LocalRotation.z
      value: -0
      objectReference: {fileID: 0}
    - target: {fileID: 6560307516170429805, guid: 2e105a7674d944f5aa73b32a209b9f30,
        type: 3}
      propertyPath: m_LocalRotation.w
      value: 1
      objectReference: {fileID: 0}
    - target: {fileID: 6560307516170429805, guid: 2e105a7674d944f5aa73b32a209b9f30,
        type: 3}
      propertyPath: m_RootOrder
      value: 1
      objectReference: {fileID: 0}
    - target: {fileID: 6560307516170429805, guid: 2e105a7674d944f5aa73b32a209b9f30,
        type: 3}
      propertyPath: m_LocalEulerAnglesHint.x
      value: 0
      objectReference: {fileID: 0}
    - target: {fileID: 6560307516170429805, guid: 2e105a7674d944f5aa73b32a209b9f30,
        type: 3}
      propertyPath: m_LocalEulerAnglesHint.y
      value: 0
      objectReference: {fileID: 0}
    - target: {fileID: 6560307516170429805, guid: 2e105a7674d944f5aa73b32a209b9f30,
        type: 3}
      propertyPath: m_LocalEulerAnglesHint.z
      value: 0
      objectReference: {fileID: 0}
    - target: {fileID: 6560307516170429805, guid: 2e105a7674d944f5aa73b32a209b9f30,
        type: 3}
      propertyPath: m_AnchoredPosition.x
      value: 0
      objectReference: {fileID: 0}
    - target: {fileID: 6560307516170429805, guid: 2e105a7674d944f5aa73b32a209b9f30,
        type: 3}
      propertyPath: m_AnchoredPosition.y
      value: 0
      objectReference: {fileID: 0}
    - target: {fileID: 6560307516170429805, guid: 2e105a7674d944f5aa73b32a209b9f30,
        type: 3}
      propertyPath: m_SizeDelta.x
      value: 168
      objectReference: {fileID: 0}
    - target: {fileID: 6560307516170429805, guid: 2e105a7674d944f5aa73b32a209b9f30,
        type: 3}
      propertyPath: m_SizeDelta.y
      value: 202
      objectReference: {fileID: 0}
    - target: {fileID: 6560307516170429805, guid: 2e105a7674d944f5aa73b32a209b9f30,
        type: 3}
      propertyPath: m_AnchorMin.x
      value: 0.5
      objectReference: {fileID: 0}
    - target: {fileID: 6560307516170429805, guid: 2e105a7674d944f5aa73b32a209b9f30,
        type: 3}
      propertyPath: m_AnchorMin.y
      value: 0.5
      objectReference: {fileID: 0}
    - target: {fileID: 6560307516170429805, guid: 2e105a7674d944f5aa73b32a209b9f30,
        type: 3}
      propertyPath: m_AnchorMax.x
      value: 0.5
      objectReference: {fileID: 0}
    - target: {fileID: 6560307516170429805, guid: 2e105a7674d944f5aa73b32a209b9f30,
        type: 3}
      propertyPath: m_AnchorMax.y
      value: 0.5
      objectReference: {fileID: 0}
    - target: {fileID: 6560307516170429805, guid: 2e105a7674d944f5aa73b32a209b9f30,
        type: 3}
      propertyPath: m_Pivot.x
      value: 0.5
      objectReference: {fileID: 0}
    - target: {fileID: 6560307516170429805, guid: 2e105a7674d944f5aa73b32a209b9f30,
        type: 3}
      propertyPath: m_Pivot.y
      value: 0.5
      objectReference: {fileID: 0}
    - target: {fileID: 6560307517326695195, guid: 2e105a7674d944f5aa73b32a209b9f30,
        type: 3}
      propertyPath: m_havePropertiesChanged
      value: 1
      objectReference: {fileID: 0}
    - target: {fileID: 6560307517326695195, guid: 2e105a7674d944f5aa73b32a209b9f30,
        type: 3}
      propertyPath: m_isInputParsingRequired
      value: 1
      objectReference: {fileID: 0}
    - target: {fileID: 6560307516820039733, guid: 2e105a7674d944f5aa73b32a209b9f30,
        type: 3}
      propertyPath: m_havePropertiesChanged
      value: 1
      objectReference: {fileID: 0}
    - target: {fileID: 6560307516820039733, guid: 2e105a7674d944f5aa73b32a209b9f30,
        type: 3}
      propertyPath: m_isInputParsingRequired
      value: 1
      objectReference: {fileID: 0}
    - target: {fileID: 6560307517230194627, guid: 2e105a7674d944f5aa73b32a209b9f30,
        type: 3}
      propertyPath: m_havePropertiesChanged
      value: 1
      objectReference: {fileID: 0}
    - target: {fileID: 6560307517230194627, guid: 2e105a7674d944f5aa73b32a209b9f30,
        type: 3}
      propertyPath: m_isInputParsingRequired
      value: 1
      objectReference: {fileID: 0}
    - target: {fileID: 6560307516950699804, guid: 2e105a7674d944f5aa73b32a209b9f30,
        type: 3}
      propertyPath: m_Enabled
      value: 0
      objectReference: {fileID: 0}
    - target: {fileID: 6560307517148594362, guid: 2e105a7674d944f5aa73b32a209b9f30,
        type: 3}
      propertyPath: m_havePropertiesChanged
      value: 1
      objectReference: {fileID: 0}
    - target: {fileID: 6560307517148594362, guid: 2e105a7674d944f5aa73b32a209b9f30,
        type: 3}
      propertyPath: m_isInputParsingRequired
      value: 1
      objectReference: {fileID: 0}
    - target: {fileID: 6560307517228610594, guid: 2e105a7674d944f5aa73b32a209b9f30,
        type: 3}
      propertyPath: m_Enabled
      value: 0
      objectReference: {fileID: 0}
    - target: {fileID: 6560307516754403719, guid: 2e105a7674d944f5aa73b32a209b9f30,
        type: 3}
      propertyPath: m_havePropertiesChanged
      value: 1
      objectReference: {fileID: 0}
    - target: {fileID: 6560307516754403719, guid: 2e105a7674d944f5aa73b32a209b9f30,
        type: 3}
      propertyPath: m_isInputParsingRequired
      value: 1
      objectReference: {fileID: 0}
    - target: {fileID: 6560307516930735473, guid: 2e105a7674d944f5aa73b32a209b9f30,
        type: 3}
      propertyPath: m_Enabled
      value: 0
      objectReference: {fileID: 0}
    - target: {fileID: 6560307516304718430, guid: 2e105a7674d944f5aa73b32a209b9f30,
        type: 3}
      propertyPath: m_havePropertiesChanged
      value: 1
      objectReference: {fileID: 0}
    - target: {fileID: 6560307516304718430, guid: 2e105a7674d944f5aa73b32a209b9f30,
        type: 3}
      propertyPath: m_isInputParsingRequired
      value: 1
      objectReference: {fileID: 0}
    m_RemovedComponents: []
  m_SourcePrefab: {fileID: 100100000, guid: 2e105a7674d944f5aa73b32a209b9f30, type: 3}
--- !u!224 &129164867575741844 stripped
RectTransform:
  m_CorrespondingSourceObject: {fileID: 6560307516170429805, guid: 2e105a7674d944f5aa73b32a209b9f30,
    type: 3}
  m_PrefabInstance: {fileID: 6539233457068185849}
  m_PrefabAsset: {fileID: 0}
--- !u!114 &129164867575741845 stripped
MonoBehaviour:
  m_CorrespondingSourceObject: {fileID: 6560307516170429804, guid: 2e105a7674d944f5aa73b32a209b9f30,
    type: 3}
  m_PrefabInstance: {fileID: 6539233457068185849}
  m_PrefabAsset: {fileID: 0}
  m_GameObject: {fileID: 0}
  m_Enabled: 1
  m_EditorHideFlags: 0
  m_Script: {fileID: 11500000, guid: 1f6266bb80d554b908981876ace77fe8, type: 3}
  m_Name: 
  m_EditorClassIdentifier: 
--- !u!1001 &8242358696044971938
PrefabInstance:
  m_ObjectHideFlags: 0
  serializedVersion: 2
  m_Modification:
    m_TransformParent: {fileID: 8759170253622099176}
    m_Modifications:
    - target: {fileID: 6755978530805443869, guid: c17ed28e47aaf4adeb9671f68f00368f,
        type: 3}
      propertyPath: m_Name
      value: CardViewSmall
      objectReference: {fileID: 0}
    - target: {fileID: 6755978530805443868, guid: c17ed28e47aaf4adeb9671f68f00368f,
        type: 3}
      propertyPath: m_LocalPosition.x
      value: 0
      objectReference: {fileID: 0}
    - target: {fileID: 6755978530805443868, guid: c17ed28e47aaf4adeb9671f68f00368f,
        type: 3}
      propertyPath: m_LocalPosition.y
      value: 0
      objectReference: {fileID: 0}
    - target: {fileID: 6755978530805443868, guid: c17ed28e47aaf4adeb9671f68f00368f,
        type: 3}
      propertyPath: m_LocalPosition.z
      value: 0
      objectReference: {fileID: 0}
    - target: {fileID: 6755978530805443868, guid: c17ed28e47aaf4adeb9671f68f00368f,
        type: 3}
      propertyPath: m_LocalRotation.x
      value: 0
      objectReference: {fileID: 0}
    - target: {fileID: 6755978530805443868, guid: c17ed28e47aaf4adeb9671f68f00368f,
        type: 3}
      propertyPath: m_LocalRotation.y
      value: 0
      objectReference: {fileID: 0}
    - target: {fileID: 6755978530805443868, guid: c17ed28e47aaf4adeb9671f68f00368f,
        type: 3}
      propertyPath: m_LocalRotation.z
      value: 0
      objectReference: {fileID: 0}
    - target: {fileID: 6755978530805443868, guid: c17ed28e47aaf4adeb9671f68f00368f,
        type: 3}
      propertyPath: m_LocalRotation.w
      value: 1
      objectReference: {fileID: 0}
    - target: {fileID: 6755978530805443868, guid: c17ed28e47aaf4adeb9671f68f00368f,
        type: 3}
      propertyPath: m_RootOrder
      value: 0
      objectReference: {fileID: 0}
    - target: {fileID: 6755978530805443868, guid: c17ed28e47aaf4adeb9671f68f00368f,
        type: 3}
      propertyPath: m_LocalEulerAnglesHint.x
      value: 0
      objectReference: {fileID: 0}
    - target: {fileID: 6755978530805443868, guid: c17ed28e47aaf4adeb9671f68f00368f,
        type: 3}
      propertyPath: m_LocalEulerAnglesHint.y
      value: 0
      objectReference: {fileID: 0}
    - target: {fileID: 6755978530805443868, guid: c17ed28e47aaf4adeb9671f68f00368f,
        type: 3}
      propertyPath: m_LocalEulerAnglesHint.z
      value: 0
      objectReference: {fileID: 0}
    - target: {fileID: 6755978530805443868, guid: c17ed28e47aaf4adeb9671f68f00368f,
        type: 3}
      propertyPath: m_AnchoredPosition.x
      value: 0
      objectReference: {fileID: 0}
    - target: {fileID: 6755978530805443868, guid: c17ed28e47aaf4adeb9671f68f00368f,
        type: 3}
      propertyPath: m_AnchoredPosition.y
      value: 0
      objectReference: {fileID: 0}
    - target: {fileID: 6755978530805443868, guid: c17ed28e47aaf4adeb9671f68f00368f,
        type: 3}
      propertyPath: m_SizeDelta.x
      value: 88
      objectReference: {fileID: 0}
    - target: {fileID: 6755978530805443868, guid: c17ed28e47aaf4adeb9671f68f00368f,
        type: 3}
      propertyPath: m_SizeDelta.y
      value: 100
      objectReference: {fileID: 0}
    - target: {fileID: 6755978530805443868, guid: c17ed28e47aaf4adeb9671f68f00368f,
        type: 3}
      propertyPath: m_AnchorMin.x
      value: 0.5
      objectReference: {fileID: 0}
    - target: {fileID: 6755978530805443868, guid: c17ed28e47aaf4adeb9671f68f00368f,
        type: 3}
      propertyPath: m_AnchorMin.y
      value: 0.5
      objectReference: {fileID: 0}
    - target: {fileID: 6755978530805443868, guid: c17ed28e47aaf4adeb9671f68f00368f,
        type: 3}
      propertyPath: m_AnchorMax.x
      value: 0.5
      objectReference: {fileID: 0}
    - target: {fileID: 6755978530805443868, guid: c17ed28e47aaf4adeb9671f68f00368f,
        type: 3}
      propertyPath: m_AnchorMax.y
      value: 0.5
      objectReference: {fileID: 0}
    - target: {fileID: 6755978530805443868, guid: c17ed28e47aaf4adeb9671f68f00368f,
        type: 3}
      propertyPath: m_Pivot.x
      value: 0.5
      objectReference: {fileID: 0}
    - target: {fileID: 6755978530805443868, guid: c17ed28e47aaf4adeb9671f68f00368f,
        type: 3}
      propertyPath: m_Pivot.y
      value: 0.5
      objectReference: {fileID: 0}
    m_RemovedComponents: []
  m_SourcePrefab: {fileID: 100100000, guid: c17ed28e47aaf4adeb9671f68f00368f, type: 3}
--- !u!224 &3431939993781545662 stripped
RectTransform:
  m_CorrespondingSourceObject: {fileID: 6755978530805443868, guid: c17ed28e47aaf4adeb9671f68f00368f,
    type: 3}
  m_PrefabInstance: {fileID: 8242358696044971938}
  m_PrefabAsset: {fileID: 0}
--- !u!114 &8343291291462128452 stripped
MonoBehaviour:
  m_CorrespondingSourceObject: {fileID: 120452228835775718, guid: c17ed28e47aaf4adeb9671f68f00368f,
    type: 3}
  m_PrefabInstance: {fileID: 8242358696044971938}
  m_PrefabAsset: {fileID: 0}
  m_GameObject: {fileID: 0}
  m_Enabled: 1
  m_EditorHideFlags: 0
  m_Script: {fileID: 11500000, guid: 1f6266bb80d554b908981876ace77fe8, type: 3}
  m_Name: 
  m_EditorClassIdentifier: 
