%YAML 1.1
%TAG !u! tag:unity3d.com,2011:
--- !u!1 &2484288836221699865
GameObject:
  m_ObjectHideFlags: 0
  m_CorrespondingSourceObject: {fileID: 0}
  m_PrefabInstance: {fileID: 0}
  m_PrefabAsset: {fileID: 0}
  serializedVersion: 6
  m_Component:
  - component: {fileID: 6383732738374237424}
  - component: {fileID: 1079600253759623740}
  - component: {fileID: 2029084378518293108}
  - component: {fileID: -1243706038332568481}
  - component: {fileID: 157324564374237648}
  - component: {fileID: 7362679684792536347}
  - component: {fileID: 5465623216788635486}
  m_Layer: 0
  m_Name: WorldMapCloud
  m_TagString: Cloud
  m_Icon: {fileID: 0}
  m_NavMeshLayer: 0
  m_StaticEditorFlags: 0
  m_IsActive: 1
--- !u!4 &6383732738374237424
Transform:
  m_ObjectHideFlags: 0
  m_CorrespondingSourceObject: {fileID: 0}
  m_PrefabInstance: {fileID: 0}
  m_PrefabAsset: {fileID: 0}
  m_GameObject: {fileID: 2484288836221699865}
  m_LocalRotation: {x: 0, y: 0, z: 0, w: 1}
  m_LocalPosition: {x: 2.05, y: 0, z: 0}
  m_LocalScale: {x: 1, y: 1, z: 1}
  m_Children:
  - {fileID: 906178433380580535}
  m_Father: {fileID: 0}
  m_RootOrder: 0
  m_LocalEulerAnglesHint: {x: 0, y: 0, z: 0}
--- !u!212 &1079600253759623740
SpriteRenderer:
  m_ObjectHideFlags: 0
  m_CorrespondingSourceObject: {fileID: 0}
  m_PrefabInstance: {fileID: 0}
  m_PrefabAsset: {fileID: 0}
  m_GameObject: {fileID: 2484288836221699865}
  m_Enabled: 1
  m_CastShadows: 0
  m_ReceiveShadows: 0
  m_DynamicOccludee: 1
  m_MotionVectors: 1
  m_LightProbeUsage: 1
  m_ReflectionProbeUsage: 1
  m_RayTracingMode: 0
  m_RayTraceProcedural: 0
  m_RenderingLayerMask: 1
  m_RendererPriority: 0
  m_Materials:
  - {fileID: 2100000, guid: 25b36687eeee64ef79ccc09c6e6fcf17, type: 2}
  m_StaticBatchInfo:
    firstSubMesh: 0
    subMeshCount: 0
  m_StaticBatchRoot: {fileID: 0}
  m_ProbeAnchor: {fileID: 0}
  m_LightProbeVolumeOverride: {fileID: 0}
  m_ScaleInLightmap: 1
  m_ReceiveGI: 1
  m_PreserveUVs: 0
  m_IgnoreNormalsForChartDetection: 0
  m_ImportantGI: 0
  m_StitchLightmapSeams: 1
  m_SelectedEditorRenderState: 0
  m_MinimumChartSize: 4
  m_AutoUVMaxDistance: 0.5
  m_AutoUVMaxAngle: 89
  m_LightmapParameters: {fileID: 0}
  m_SortingLayerID: 0
  m_SortingLayer: 0
  m_SortingOrder: 10
  m_Sprite: {fileID: 21300000, guid: 9eda26a0b63544d2e9088e07de186e46, type: 3}
  m_Color: {r: 1, g: 1, b: 1, a: 0.6}
  m_FlipX: 0
  m_FlipY: 0
  m_DrawMode: 0
  m_Size: {x: 1.26, y: 0.44}
  m_AdaptiveModeThreshold: 0.5
  m_SpriteTileMode: 0
  m_WasSpriteAssigned: 1
  m_MaskInteraction: 0
  m_SpriteSortPoint: 0
--- !u!114 &2029084378518293108
MonoBehaviour:
  m_ObjectHideFlags: 0
  m_CorrespondingSourceObject: {fileID: 0}
  m_PrefabInstance: {fileID: 0}
  m_PrefabAsset: {fileID: 0}
  m_GameObject: {fileID: 2484288836221699865}
  m_Enabled: 1
  m_EditorHideFlags: 0
  m_Script: {fileID: 11500000, guid: 88fb3ea51bb752b49abd5037a4f40f6a, type: 3}
  m_Name: 
  m_EditorClassIdentifier: 
  playing: 0
  paused: 0
  timer: 0
  animIdx: -1
  currentIdx: 0
  speedRatio: 1
  playFrom: 0
  overrideTimeScale: 0
  timeScaleOverride: 0
  list:
  - animationName: cloud-1
    animation:
      speedRatio: 1
      loop: 1
      frameToLoop: 0
      frameDatas:
      - sprite: {fileID: 21300000, guid: 9eda26a0b63544d2e9088e07de186e46, type: 3}
        time: 0.06
        eventEnabled: 0
        eventName: 
      name: cloud-1
      selectedIndex: 0
      newFramesTime: 0.05
      setFramesTime: 0.1
    file: {fileID: 11400000, guid: 8c715f1ccfffe4287aa059e8d4d052a7, type: 2}
  - animationName: cloud-2
    animation:
      speedRatio: 1
      loop: 1
      frameToLoop: 0
      frameDatas:
      - sprite: {fileID: 21300000, guid: 160b365cca3b24417b9df0c71ac11121, type: 3}
        time: 0.06
        eventEnabled: 0
        eventName: 
      name: cloud-2
      selectedIndex: 0
      newFramesTime: 0.05
      setFramesTime: 0.1
    file: {fileID: 11400000, guid: 8c715f1ccfffe4287aa059e8d4d052a7, type: 2}
  - animationName: cloud-3
    animation:
      speedRatio: 1
      loop: 1
      frameToLoop: 0
      frameDatas:
      - sprite: {fileID: 21300000, guid: 5a7b9842e896841049bf04cb9a134e5f, type: 3}
        time: 0.06
        eventEnabled: 0
        eventName: 
      name: cloud-3
      selectedIndex: 0
      newFramesTime: 0.05
      setFramesTime: 0.1
    file: {fileID: 11400000, guid: 8c715f1ccfffe4287aa059e8d4d052a7, type: 2}
  animationAsset: {fileID: 11400000, guid: 8c715f1ccfffe4287aa059e8d4d052a7, type: 2}
  mode: 0
--- !u!114 &-1243706038332568481
MonoBehaviour:
  m_ObjectHideFlags: 0
  m_CorrespondingSourceObject: {fileID: 0}
  m_PrefabInstance: {fileID: 0}
  m_PrefabAsset: {fileID: 0}
  m_GameObject: {fileID: 2484288836221699865}
  m_Enabled: 1
  m_EditorHideFlags: 0
  m_Script: {fileID: 11500000, guid: 172b862f28154ecaae7db8e140e7e666, type: 3}
  m_Name: 
  m_EditorClassIdentifier: 
  cloudAnimator: {fileID: 2029084378518293108}
  cloudShadowAnimator: {fileID: 3076228797274428783}
--- !u!114 &157324564374237648
MonoBehaviour:
  m_ObjectHideFlags: 0
  m_CorrespondingSourceObject: {fileID: 0}
  m_PrefabInstance: {fileID: 0}
  m_PrefabAsset: {fileID: 0}
  m_GameObject: {fileID: 2484288836221699865}
  m_Enabled: 1
  m_EditorHideFlags: 0
  m_Script: {fileID: 11500000, guid: 83056d1fbb9ef5748b13041f99078e47, type: 3}
  m_Name: 
  m_EditorClassIdentifier: 
  MaxVelocity: 1
  Mass: 10
  Friction: 0.05
  RotateSprite: 0
  CurrentVelocity: {x: 0, y: 0}
--- !u!114 &7362679684792536347
MonoBehaviour:
  m_ObjectHideFlags: 0
  m_CorrespondingSourceObject: {fileID: 0}
  m_PrefabInstance: {fileID: 0}
  m_PrefabAsset: {fileID: 0}
  m_GameObject: {fileID: 2484288836221699865}
  m_Enabled: 1
  m_EditorHideFlags: 0
  m_Script: {fileID: 11500000, guid: e7b77c911a9bc44589c9285d83615bd7, type: 3}
  m_Name: 
  m_EditorClassIdentifier: 
  Weight: 1
--- !u!114 &5465623216788635486
MonoBehaviour:
  m_ObjectHideFlags: 0
  m_CorrespondingSourceObject: {fileID: 0}
  m_PrefabInstance: {fileID: 0}
  m_PrefabAsset: {fileID: 0}
  m_GameObject: {fileID: 2484288836221699865}
  m_Enabled: 1
  m_EditorHideFlags: 0
  m_Script: {fileID: 11500000, guid: f4808e38b16242509a4fc47e31313b8c, type: 3}
  m_Name: 
  m_EditorClassIdentifier: 
  Weight: 1
  FleeRadius: 4
  DrawGizmos: 0
--- !u!1 &3628866622022378738
GameObject:
  m_ObjectHideFlags: 0
  m_CorrespondingSourceObject: {fileID: 0}
  m_PrefabInstance: {fileID: 0}
  m_PrefabAsset: {fileID: 0}
  serializedVersion: 6
  m_Component:
  - component: {fileID: 906178433380580535}
  - component: {fileID: 4062177262829039295}
  - component: {fileID: 3076228797274428783}
  m_Layer: 0
  m_Name: Shadow
  m_TagString: Untagged
  m_Icon: {fileID: 0}
  m_NavMeshLayer: 0
  m_StaticEditorFlags: 0
  m_IsActive: 1
--- !u!4 &906178433380580535
Transform:
  m_ObjectHideFlags: 0
  m_CorrespondingSourceObject: {fileID: 0}
  m_PrefabInstance: {fileID: 0}
  m_PrefabAsset: {fileID: 0}
  m_GameObject: {fileID: 3628866622022378738}
  m_LocalRotation: {x: -0, y: -0, z: -0, w: 1}
  m_LocalPosition: {x: -0.21875, y: -1, z: 0}
  m_LocalScale: {x: 1, y: 1, z: 1}
  m_Children: []
  m_Father: {fileID: 6383732738374237424}
  m_RootOrder: 0
  m_LocalEulerAnglesHint: {x: 0, y: 0, z: 0}
--- !u!212 &4062177262829039295
SpriteRenderer:
  m_ObjectHideFlags: 0
  m_CorrespondingSourceObject: {fileID: 0}
  m_PrefabInstance: {fileID: 0}
  m_PrefabAsset: {fileID: 0}
  m_GameObject: {fileID: 3628866622022378738}
  m_Enabled: 1
  m_CastShadows: 0
  m_ReceiveShadows: 0
  m_DynamicOccludee: 1
  m_MotionVectors: 1
  m_LightProbeUsage: 1
  m_ReflectionProbeUsage: 1
  m_RayTracingMode: 0
  m_RayTraceProcedural: 0
  m_RenderingLayerMask: 1
  m_RendererPriority: 0
  m_Materials:
  - {fileID: 2100000, guid: 25b36687eeee64ef79ccc09c6e6fcf17, type: 2}
  m_StaticBatchInfo:
    firstSubMesh: 0
    subMeshCount: 0
  m_StaticBatchRoot: {fileID: 0}
  m_ProbeAnchor: {fileID: 0}
  m_LightProbeVolumeOverride: {fileID: 0}
  m_ScaleInLightmap: 1
  m_ReceiveGI: 1
  m_PreserveUVs: 0
  m_IgnoreNormalsForChartDetection: 0
  m_ImportantGI: 0
  m_StitchLightmapSeams: 1
  m_SelectedEditorRenderState: 0
  m_MinimumChartSize: 4
  m_AutoUVMaxDistance: 0.5
  m_AutoUVMaxAngle: 89
  m_LightmapParameters: {fileID: 0}
  m_SortingLayerID: 0
  m_SortingLayer: 0
  m_SortingOrder: 9
  m_Sprite: {fileID: 21300000, guid: 857c960f03a0b45cb8ac4adc542e2a77, type: 3}
  m_Color: {r: 1, g: 1, b: 1, a: 0.2}
  m_FlipX: 0
  m_FlipY: 0
  m_DrawMode: 0
  m_Size: {x: 1.26, y: 0.44}
  m_AdaptiveModeThreshold: 0.5
  m_SpriteTileMode: 0
  m_WasSpriteAssigned: 1
  m_MaskInteraction: 0
  m_SpriteSortPoint: 0
--- !u!114 &3076228797274428783
MonoBehaviour:
  m_ObjectHideFlags: 0
  m_CorrespondingSourceObject: {fileID: 0}
  m_PrefabInstance: {fileID: 0}
  m_PrefabAsset: {fileID: 0}
  m_GameObject: {fileID: 3628866622022378738}
  m_Enabled: 1
  m_EditorHideFlags: 0
  m_Script: {fileID: 11500000, guid: 88fb3ea51bb752b49abd5037a4f40f6a, type: 3}
  m_Name: 
  m_EditorClassIdentifier: 
  playing: 0
  paused: 0
  timer: 0
  animIdx: -1
  currentIdx: 0
  speedRatio: 1
  playFrom: 0
  overrideTimeScale: 0
  timeScaleOverride: 0
  list:
  - animationName: cloud-1
    animation:
      speedRatio: 1
      loop: 1
      frameToLoop: 0
      frameDatas:
      - sprite: {fileID: 21300000, guid: 857c960f03a0b45cb8ac4adc542e2a77, type: 3}
        time: 0.06
        eventEnabled: 0
        eventName: 
      name: cloud-1
      selectedIndex: 0
      newFramesTime: 0.05
      setFramesTime: 0.1
    file: {fileID: 11400000, guid: 923ba1013c38341958fa400168abbcdc, type: 2}
  - animationName: cloud-2
    animation:
      speedRatio: 1
      loop: 1
      frameToLoop: 0
      frameDatas:
      - sprite: {fileID: 21300000, guid: 03ab60df6c9aa4db9bba0ceab6554b49, type: 3}
        time: 0.06
        eventEnabled: 0
        eventName: 
      name: cloud-2
      selectedIndex: 0
      newFramesTime: 0.05
      setFramesTime: 0.1
    file: {fileID: 11400000, guid: 923ba1013c38341958fa400168abbcdc, type: 2}
  - animationName: cloud-3
    animation:
      speedRatio: 1
      loop: 1
      frameToLoop: 0
      frameDatas:
      - sprite: {fileID: 21300000, guid: 6fdb4e6f9c5d047a287911768c3baf40, type: 3}
        time: 0.06
        eventEnabled: 0
        eventName: 
      name: cloud-3
      selectedIndex: 0
      newFramesTime: 0.05
      setFramesTime: 0.1
    file: {fileID: 11400000, guid: 923ba1013c38341958fa400168abbcdc, type: 2}
  animationAsset: {fileID: 11400000, guid: 923ba1013c38341958fa400168abbcdc, type: 2}
  mode: 0
