%YAML 1.1
%TAG !u! tag:unity3d.com,2011:
--- !u!1 &1463327159782832265
GameObject:
  m_ObjectHideFlags: 0
  m_CorrespondingSourceObject: {fileID: 0}
  m_PrefabInstance: {fileID: 0}
  m_PrefabAsset: {fileID: 0}
  serializedVersion: 6
  m_Component:
  - component: {fileID: 6699992189138239734}
  - component: {fileID: 4437382626406254070}
  - component: {fileID: 1056810929806133090}
  - component: {fileID: 1813679562448100821}
  m_Layer: 5
  m_Name: Image
  m_TagString: Untagged
  m_Icon: {fileID: 0}
  m_NavMeshLayer: 0
  m_StaticEditorFlags: 0
  m_IsActive: 1
--- !u!224 &6699992189138239734
RectTransform:
  m_ObjectHideFlags: 0
  m_CorrespondingSourceObject: {fileID: 0}
  m_PrefabInstance: {fileID: 0}
  m_PrefabAsset: {fileID: 0}
  m_GameObject: {fileID: 1463327159782832265}
  m_LocalRotation: {x: 0, y: 0, z: 0, w: 1}
  m_LocalPosition: {x: 0, y: 0, z: 0}
  m_LocalScale: {x: 1, y: 1, z: 1}
  m_Children: []
  m_Father: {fileID: 8675896572540044847}
  m_RootOrder: 0
  m_LocalEulerAnglesHint: {x: 0, y: 0, z: 0}
  m_AnchorMin: {x: 0, y: 0.5}
  m_AnchorMax: {x: 0, y: 0.5}
  m_AnchoredPosition: {x: 1, y: 0}
  m_SizeDelta: {x: 17, y: 17}
  m_Pivot: {x: 0, y: 0.5}
--- !u!222 &4437382626406254070
CanvasRenderer:
  m_ObjectHideFlags: 0
  m_CorrespondingSourceObject: {fileID: 0}
  m_PrefabInstance: {fileID: 0}
  m_PrefabAsset: {fileID: 0}
  m_GameObject: {fileID: 1463327159782832265}
  m_CullTransparentMesh: 1
--- !u!114 &1056810929806133090
MonoBehaviour:
  m_ObjectHideFlags: 0
  m_CorrespondingSourceObject: {fileID: 0}
  m_PrefabInstance: {fileID: 0}
  m_PrefabAsset: {fileID: 0}
  m_GameObject: {fileID: 1463327159782832265}
  m_Enabled: 1
  m_EditorHideFlags: 0
  m_Script: {fileID: 11500000, guid: fe87c0e1cc204ed48ad3b37840f39efc, type: 3}
  m_Name: 
  m_EditorClassIdentifier: 
  m_Material: {fileID: 0}
  m_Color: {r: 1, g: 1, b: 1, a: 1}
  m_RaycastTarget: 0
  m_RaycastPadding: {x: 0, y: 0, z: 0, w: 0}
  m_Maskable: 0
  m_OnCullStateChanged:
    m_PersistentCalls:
      m_Calls: []
  m_Sprite: {fileID: 21300000, guid: 3273b5b336bfb45cd8f159cbfa520830, type: 3}
  m_Type: 0
  m_PreserveAspect: 0
  m_FillCenter: 1
  m_FillMethod: 4
  m_FillAmount: 1
  m_FillClockwise: 1
  m_FillOrigin: 0
  m_UseSpriteMesh: 0
  m_PixelsPerUnitMultiplier: 1
--- !u!114 &1813679562448100821
MonoBehaviour:
  m_ObjectHideFlags: 0
  m_CorrespondingSourceObject: {fileID: 0}
  m_PrefabInstance: {fileID: 0}
  m_PrefabAsset: {fileID: 0}
  m_GameObject: {fileID: 1463327159782832265}
  m_Enabled: 1
  m_EditorHideFlags: 0
  m_Script: {fileID: 11500000, guid: 88fb3ea51bb752b49abd5037a4f40f6a, type: 3}
  m_Name: 
  m_EditorClassIdentifier: 
  playing: 0
  paused: 0
  timer: 0
  animIdx: -1
  currentIdx: 0
  speedRatio: 1
  playFrom: 0
  overrideTimeScale: 0
  timeScaleOverride: 0
  list:
  - animationName: aged-scale
    animation:
      speedRatio: 1
      loop: 0
      frameToLoop: 0
      frameDatas:
      - sprite: {fileID: 21300000, guid: 3273b5b336bfb45cd8f159cbfa520830, type: 3}
        time: 0.04
        eventEnabled: 0
        eventName: 
      name: aged-scale
      selectedIndex: 0
      newFramesTime: 0.05
      setFramesTime: 0.1
    file: {fileID: 11400000, guid: 15412b69ec08d4efbb1d7de11b24ef41, type: 2}
  - animationName: aged-scale-grey
    animation:
      speedRatio: 1
      loop: 0
      frameToLoop: 0
      frameDatas:
      - sprite: {fileID: 21300000, guid: d5ed811d994114dcb844cdb49de37ac7, type: 3}
        time: 0.04
        eventEnabled: 0
        eventName: 
      name: aged-scale-grey
      selectedIndex: 0
      newFramesTime: 0.05
      setFramesTime: 0.1
    file: {fileID: 11400000, guid: 15412b69ec08d4efbb1d7de11b24ef41, type: 2}
  - animationName: azure-ingot
    animation:
      speedRatio: 1
      loop: 0
      frameToLoop: 0
      frameDatas:
      - sprite: {fileID: 21300000, guid: cf071a32affb94925ba623f54e064f7f, type: 3}
        time: 0.04
        eventEnabled: 0
        eventName: 
      name: azure-ingot
      selectedIndex: 0
      newFramesTime: 0.05
      setFramesTime: 0.1
    file: {fileID: 11400000, guid: 15412b69ec08d4efbb1d7de11b24ef41, type: 2}
  - animationName: azure-ingot-grey
    animation:
      speedRatio: 1
      loop: 0
      frameToLoop: 0
      frameDatas:
      - sprite: {fileID: 21300000, guid: 74965cb9aa9c048fe9e42847f057587a, type: 3}
        time: 0.04
        eventEnabled: 0
        eventName: 
      name: azure-ingot-grey
      selectedIndex: 0
      newFramesTime: 0.05
      setFramesTime: 0.1
    file: {fileID: 11400000, guid: 15412b69ec08d4efbb1d7de11b24ef41, type: 2}
  - animationName: demon-gem
    animation:
      speedRatio: 1
      loop: 0
      frameToLoop: 0
      frameDatas:
      - sprite: {fileID: 21300000, guid: 14ad2bb1db02c413da0fa96b0685c2a4, type: 3}
        time: 0.04
        eventEnabled: 0
        eventName: 
      name: demon-gem
      selectedIndex: 0
      newFramesTime: 0.05
      setFramesTime: 0.1
    file: {fileID: 11400000, guid: 15412b69ec08d4efbb1d7de11b24ef41, type: 2}
  - animationName: demon-gem-grey
    animation:
      speedRatio: 1
      loop: 0
      frameToLoop: 0
      frameDatas:
      - sprite: {fileID: 21300000, guid: 15cced01ff9fc4927b5ae97f344b960c, type: 3}
        time: 0.04
        eventEnabled: 0
        eventName: 
      name: demon-gem-grey
      selectedIndex: 0
      newFramesTime: 0.05
      setFramesTime: 0.1
    file: {fileID: 11400000, guid: 15412b69ec08d4efbb1d7de11b24ef41, type: 2}
  - animationName: dragon-nail
    animation:
      speedRatio: 1
      loop: 0
      frameToLoop: 0
      frameDatas:
      - sprite: {fileID: 21300000, guid: 189ccd69b9945486382a7c7a132fc4be, type: 3}
        time: 0.04
        eventEnabled: 0
        eventName: 
      name: dragon-nail
      selectedIndex: 0
      newFramesTime: 0.05
      setFramesTime: 0.1
    file: {fileID: 11400000, guid: 15412b69ec08d4efbb1d7de11b24ef41, type: 2}
  - animationName: dragon-nail-grey
    animation:
      speedRatio: 1
      loop: 0
      frameToLoop: 0
      frameDatas:
      - sprite: {fileID: 21300000, guid: a885d4a3c92ec4bba80ebc874f18f722, type: 3}
        time: 0.04
        eventEnabled: 0
        eventName: 
      name: dragon-nail-grey
      selectedIndex: 0
      newFramesTime: 0.05
      setFramesTime: 0.1
    file: {fileID: 11400000, guid: 15412b69ec08d4efbb1d7de11b24ef41, type: 2}
  - animationName: loaded-die
    animation:
      speedRatio: 1
      loop: 0
      frameToLoop: 0
      frameDatas:
      - sprite: {fileID: 21300000, guid: 3f2ebcbe2880141a797f2c29e23727a8, type: 3}
        time: 0.04
        eventEnabled: 0
        eventName: 
      name: loaded-die
      selectedIndex: 0
      newFramesTime: 0.05
      setFramesTime: 0.1
    file: {fileID: 11400000, guid: 15412b69ec08d4efbb1d7de11b24ef41, type: 2}
  - animationName: loaded-die-grey
    animation:
      speedRatio: 1
      loop: 0
      frameToLoop: 0
      frameDatas:
      - sprite: {fileID: 21300000, guid: 8cff5d3936cbd4fdbb62f50680750369, type: 3}
        time: 0.04
        eventEnabled: 0
        eventName: 
      name: loaded-die-grey
      selectedIndex: 0
      newFramesTime: 0.05
      setFramesTime: 0.1
    file: {fileID: 11400000, guid: 15412b69ec08d4efbb1d7de11b24ef41, type: 2}
  - animationName: lush-leaf
    animation:
      speedRatio: 1
      loop: 0
      frameToLoop: 0
      frameDatas:
      - sprite: {fileID: 21300000, guid: 54c0a4ef3fc674415a51314e31def37e, type: 3}
        time: 0.04
        eventEnabled: 0
        eventName: 
      name: lush-leaf
      selectedIndex: 0
      newFramesTime: 0.05
      setFramesTime: 0.1
    file: {fileID: 11400000, guid: 15412b69ec08d4efbb1d7de11b24ef41, type: 2}
  - animationName: lush-leaf-grey
    animation:
      speedRatio: 1
      loop: 0
      frameToLoop: 0
      frameDatas:
      - sprite: {fileID: 21300000, guid: d01f07462b56d4187821df7a1752459f, type: 3}
        time: 0.04
        eventEnabled: 0
        eventName: 
      name: lush-leaf-grey
      selectedIndex: 0
      newFramesTime: 0.05
      setFramesTime: 0.1
    file: {fileID: 11400000, guid: 15412b69ec08d4efbb1d7de11b24ef41, type: 2}
  - animationName: mana-shard
    animation:
      speedRatio: 1
      loop: 0
      frameToLoop: 0
      frameDatas:
      - sprite: {fileID: 21300000, guid: a5d2dd67ca13d43709d71dd2d75d042f, type: 3}
        time: 0.04
        eventEnabled: 0
        eventName: 
      name: mana-shard
      selectedIndex: 0
      newFramesTime: 0.05
      setFramesTime: 0.1
    file: {fileID: 11400000, guid: 15412b69ec08d4efbb1d7de11b24ef41, type: 2}
  - animationName: mana-shard-grey
    animation:
      speedRatio: 1
      loop: 0
      frameToLoop: 0
      frameDatas:
      - sprite: {fileID: 21300000, guid: ce4089c7f1577476a86f7830523ec6d2, type: 3}
        time: 0.04
        eventEnabled: 0
        eventName: 
      name: mana-shard-grey
      selectedIndex: 0
      newFramesTime: 0.05
      setFramesTime: 0.1
    file: {fileID: 11400000, guid: 15412b69ec08d4efbb1d7de11b24ef41, type: 2}
  - animationName: manic-dust
    animation:
      speedRatio: 1
      loop: 0
      frameToLoop: 0
      frameDatas:
      - sprite: {fileID: 21300000, guid: 5fb399edbace24daa8f217f80c7f1c5c, type: 3}
        time: 0.04
        eventEnabled: 0
        eventName: 
      name: manic-dust
      selectedIndex: 0
      newFramesTime: 0.05
      setFramesTime: 0.1
    file: {fileID: 11400000, guid: 15412b69ec08d4efbb1d7de11b24ef41, type: 2}
  - animationName: manic-dust-grey
    animation:
      speedRatio: 1
      loop: 0
      frameToLoop: 0
      frameDatas:
      - sprite: {fileID: 21300000, guid: d6d6826b257c04aeb98ef5533695dab0, type: 3}
        time: 0.04
        eventEnabled: 0
        eventName: 
      name: manic-dust-grey
      selectedIndex: 0
      newFramesTime: 0.05
      setFramesTime: 0.1
    file: {fileID: 11400000, guid: 15412b69ec08d4efbb1d7de11b24ef41, type: 2}
  - animationName: mushplop
    animation:
      speedRatio: 1
      loop: 0
      frameToLoop: 0
      frameDatas:
      - sprite: {fileID: 21300000, guid: e1e19d04ebac049068ea31562705b6e9, type: 3}
        time: 0.04
        eventEnabled: 0
        eventName: 
      name: mushplop
      selectedIndex: 0
      newFramesTime: 0.05
      setFramesTime: 0.1
    file: {fileID: 11400000, guid: 15412b69ec08d4efbb1d7de11b24ef41, type: 2}
  - animationName: mushplop-grey
    animation:
      speedRatio: 1
      loop: 0
      frameToLoop: 0
      frameDatas:
      - sprite: {fileID: 21300000, guid: 0cffc7719997d4b168dffe282717d825, type: 3}
        time: 0.04
        eventEnabled: 0
        eventName: 
      name: mushplop-grey
      selectedIndex: 0
      newFramesTime: 0.05
      setFramesTime: 0.1
    file: {fileID: 11400000, guid: 15412b69ec08d4efbb1d7de11b24ef41, type: 2}
  - animationName: rigid-screw
    animation:
      speedRatio: 1
      loop: 0
      frameToLoop: 0
      frameDatas:
      - sprite: {fileID: 21300000, guid: 1739b452418e14cbab9527e2b39bf0fc, type: 3}
        time: 0.04
        eventEnabled: 0
        eventName: 
      name: rigid-screw
      selectedIndex: 0
      newFramesTime: 0.05
      setFramesTime: 0.1
    file: {fileID: 11400000, guid: 15412b69ec08d4efbb1d7de11b24ef41, type: 2}
  - animationName: rigid-screw-grey
    animation:
      speedRatio: 1
      loop: 0
      frameToLoop: 0
      frameDatas:
      - sprite: {fileID: 21300000, guid: 5a69d31380ec64b90b9288b4dfe976c4, type: 3}
        time: 0.04
        eventEnabled: 0
        eventName: 
      name: rigid-screw-grey
      selectedIndex: 0
      newFramesTime: 0.05
      setFramesTime: 0.1
    file: {fileID: 11400000, guid: 15412b69ec08d4efbb1d7de11b24ef41, type: 2}
  - animationName: rock-frost
    animation:
      speedRatio: 1
      loop: 0
      frameToLoop: 0
      frameDatas:
      - sprite: {fileID: 21300000, guid: 5b9f1f0c0ad554937bf6aa819c2cbdaa, type: 3}
        time: 0.04
        eventEnabled: 0
        eventName: 
      name: rock-frost
      selectedIndex: 0
      newFramesTime: 0.05
      setFramesTime: 0.1
    file: {fileID: 11400000, guid: 15412b69ec08d4efbb1d7de11b24ef41, type: 2}
  - animationName: rock-frost-grey
    animation:
      speedRatio: 1
      loop: 0
      frameToLoop: 0
      frameDatas:
      - sprite: {fileID: 21300000, guid: 066e04c6d75644d0c8c56466fdaddaa3, type: 3}
        time: 0.04
        eventEnabled: 0
        eventName: 
      name: rock-frost-grey
      selectedIndex: 0
      newFramesTime: 0.05
      setFramesTime: 0.1
    file: {fileID: 11400000, guid: 15412b69ec08d4efbb1d7de11b24ef41, type: 2}
  - animationName: ruby-ring
    animation:
      speedRatio: 1
      loop: 0
      frameToLoop: 0
      frameDatas:
      - sprite: {fileID: 21300000, guid: f17f8511fb893400aa9dbb5f7b7eaba9, type: 3}
        time: 0.04
        eventEnabled: 0
        eventName: 
      name: ruby-ring
      selectedIndex: 0
      newFramesTime: 0.05
      setFramesTime: 0.1
    file: {fileID: 11400000, guid: 15412b69ec08d4efbb1d7de11b24ef41, type: 2}
  - animationName: ruby-ring-grey
    animation:
      speedRatio: 1
      loop: 0
      frameToLoop: 0
      frameDatas:
      - sprite: {fileID: 21300000, guid: eb8e76f71fc41488dae064e06e65aea1, type: 3}
        time: 0.04
        eventEnabled: 0
        eventName: 
      name: ruby-ring-grey
      selectedIndex: 0
      newFramesTime: 0.05
      setFramesTime: 0.1
    file: {fileID: 11400000, guid: 15412b69ec08d4efbb1d7de11b24ef41, type: 2}
  - animationName: salt-conch
    animation:
      speedRatio: 1
      loop: 0
      frameToLoop: 0
      frameDatas:
      - sprite: {fileID: 21300000, guid: f7d05389ecaca47f7ab59759306672ae, type: 3}
        time: 0.04
        eventEnabled: 0
        eventName: 
      name: salt-conch
      selectedIndex: 0
      newFramesTime: 0.05
      setFramesTime: 0.1
    file: {fileID: 11400000, guid: 15412b69ec08d4efbb1d7de11b24ef41, type: 2}
  - animationName: salt-conch-grey
    animation:
      speedRatio: 1
      loop: 0
      frameToLoop: 0
      frameDatas:
      - sprite: {fileID: 21300000, guid: bee9cb889b33e4bddb4f0bbc4a281c6e, type: 3}
        time: 0.04
        eventEnabled: 0
        eventName: 
      name: salt-conch-grey
      selectedIndex: 0
      newFramesTime: 0.05
      setFramesTime: 0.1
    file: {fileID: 11400000, guid: 15412b69ec08d4efbb1d7de11b24ef41, type: 2}
  - animationName: sea-claw
    animation:
      speedRatio: 1
      loop: 0
      frameToLoop: 0
      frameDatas:
      - sprite: {fileID: 21300000, guid: c69e7ef083dea4b8ab2d43546ee64e6c, type: 3}
        time: 0.04
        eventEnabled: 0
        eventName: 
      name: sea-claw
      selectedIndex: 0
      newFramesTime: 0.05
      setFramesTime: 0.1
    file: {fileID: 11400000, guid: 15412b69ec08d4efbb1d7de11b24ef41, type: 2}
  - animationName: sea-claw-grey
    animation:
      speedRatio: 1
      loop: 0
      frameToLoop: 0
      frameDatas:
      - sprite: {fileID: 21300000, guid: c4923bde231894751aa85dc1c08f7bb6, type: 3}
        time: 0.04
        eventEnabled: 0
        eventName: 
      name: sea-claw-grey
      selectedIndex: 0
      newFramesTime: 0.05
      setFramesTime: 0.1
    file: {fileID: 11400000, guid: 15412b69ec08d4efbb1d7de11b24ef41, type: 2}
  - animationName: shine-wire
    animation:
      speedRatio: 1
      loop: 0
      frameToLoop: 0
      frameDatas:
      - sprite: {fileID: 21300000, guid: 4ffc737d0c2b94cc492a637b1ca844f3, type: 3}
        time: 0.04
        eventEnabled: 0
        eventName: 
      name: shine-wire
      selectedIndex: 0
      newFramesTime: 0.05
      setFramesTime: 0.1
    file: {fileID: 11400000, guid: 15412b69ec08d4efbb1d7de11b24ef41, type: 2}
  - animationName: shine-wire-grey
    animation:
      speedRatio: 1
      loop: 0
      frameToLoop: 0
      frameDatas:
      - sprite: {fileID: 21300000, guid: 742bb3890066e42078ecdb0c2a784461, type: 3}
        time: 0.04
        eventEnabled: 0
        eventName: 
      name: shine-wire-grey
      selectedIndex: 0
      newFramesTime: 0.05
      setFramesTime: 0.1
    file: {fileID: 11400000, guid: 15412b69ec08d4efbb1d7de11b24ef41, type: 2}
  - animationName: silver-chip
    animation:
      speedRatio: 1
      loop: 0
      frameToLoop: 0
      frameDatas:
      - sprite: {fileID: 21300000, guid: a38d88a1d3d7c4f88b8e7480982e79c9, type: 3}
        time: 0.04
        eventEnabled: 0
        eventName: 
      name: silver-chip
      selectedIndex: 0
      newFramesTime: 0.05
      setFramesTime: 0.1
    file: {fileID: 11400000, guid: 15412b69ec08d4efbb1d7de11b24ef41, type: 2}
  - animationName: silver-chip-grey
    animation:
      speedRatio: 1
      loop: 0
      frameToLoop: 0
      frameDatas:
      - sprite: {fileID: 21300000, guid: f133e8184d0a74c12ba80ec63cd5b5f6, type: 3}
        time: 0.04
        eventEnabled: 0
        eventName: 
      name: silver-chip-grey
      selectedIndex: 0
      newFramesTime: 0.05
      setFramesTime: 0.1
    file: {fileID: 11400000, guid: 15412b69ec08d4efbb1d7de11b24ef41, type: 2}
  - animationName: slush-petal
    animation:
      speedRatio: 1
      loop: 0
      frameToLoop: 0
      frameDatas:
      - sprite: {fileID: 21300000, guid: 2a827494db324412084f1d6198ea7852, type: 3}
        time: 0.04
        eventEnabled: 0
        eventName: 
      name: slush-petal
      selectedIndex: 0
      newFramesTime: 0.05
      setFramesTime: 0.1
    file: {fileID: 11400000, guid: 15412b69ec08d4efbb1d7de11b24ef41, type: 2}
  - animationName: slush-petal-grey
    animation:
      speedRatio: 1
      loop: 0
      frameToLoop: 0
      frameDatas:
      - sprite: {fileID: 21300000, guid: d6172192d13bf47e19c362c22d78439a, type: 3}
        time: 0.04
        eventEnabled: 0
        eventName: 
      name: slush-petal-grey
      selectedIndex: 0
      newFramesTime: 0.05
      setFramesTime: 0.1
    file: {fileID: 11400000, guid: 15412b69ec08d4efbb1d7de11b24ef41, type: 2}
  - animationName: still-plume
    animation:
      speedRatio: 1
      loop: 0
      frameToLoop: 0
      frameDatas:
      - sprite: {fileID: 21300000, guid: 79ffb36a384e84e7d9e9e2f25a045669, type: 3}
        time: 0.04
        eventEnabled: 0
        eventName: 
      name: still-plume
      selectedIndex: 0
      newFramesTime: 0.05
      setFramesTime: 0.1
    file: {fileID: 11400000, guid: 15412b69ec08d4efbb1d7de11b24ef41, type: 2}
  - animationName: still-plume-grey
    animation:
      speedRatio: 1
      loop: 0
      frameToLoop: 0
      frameDatas:
      - sprite: {fileID: 21300000, guid: 56e61c0a4b33b42bba3094eb232063ab, type: 3}
        time: 0.04
        eventEnabled: 0
        eventName: 
      name: still-plume-grey
      selectedIndex: 0
      newFramesTime: 0.05
      setFramesTime: 0.1
    file: {fileID: 11400000, guid: 15412b69ec08d4efbb1d7de11b24ef41, type: 2}
  - animationName: timber-ore
    animation:
      speedRatio: 1
      loop: 0
      frameToLoop: 0
      frameDatas:
      - sprite: {fileID: 21300000, guid: faf31089a5f384a6fb4fc203f5326fe6, type: 3}
        time: 0.04
        eventEnabled: 0
        eventName: 
      name: timber-ore
      selectedIndex: 0
      newFramesTime: 0.05
      setFramesTime: 0.1
    file: {fileID: 11400000, guid: 15412b69ec08d4efbb1d7de11b24ef41, type: 2}
  - animationName: timber-ore-grey
    animation:
      speedRatio: 1
      loop: 0
      frameToLoop: 0
      frameDatas:
      - sprite: {fileID: 21300000, guid: c47f93bf080fa4cd497ef610f2441c2e, type: 3}
        time: 0.04
        eventEnabled: 0
        eventName: 
      name: timber-ore-grey
      selectedIndex: 0
      newFramesTime: 0.05
      setFramesTime: 0.1
    file: {fileID: 11400000, guid: 15412b69ec08d4efbb1d7de11b24ef41, type: 2}
  - animationName: tomana-sap
    animation:
      speedRatio: 1
      loop: 0
      frameToLoop: 0
      frameDatas:
      - sprite: {fileID: 21300000, guid: 78de0698489414ed6a20f983cbb583ac, type: 3}
        time: 0.04
        eventEnabled: 0
        eventName: 
      name: tomana-sap
      selectedIndex: 0
      newFramesTime: 0.05
      setFramesTime: 0.1
    file: {fileID: 11400000, guid: 15412b69ec08d4efbb1d7de11b24ef41, type: 2}
  - animationName: tomana-sap-grey
    animation:
      speedRatio: 1
      loop: 0
      frameToLoop: 0
      frameDatas:
      - sprite: {fileID: 21300000, guid: 505b1fe8c93b84ed9a83e54a02aa456b, type: 3}
        time: 0.04
        eventEnabled: 0
        eventName: 
      name: tomana-sap-grey
      selectedIndex: 0
      newFramesTime: 0.05
      setFramesTime: 0.1
    file: {fileID: 11400000, guid: 15412b69ec08d4efbb1d7de11b24ef41, type: 2}
  - animationName: wood-skull
    animation:
      speedRatio: 1
      loop: 0
      frameToLoop: 0
      frameDatas:
      - sprite: {fileID: 21300000, guid: 5cb9b2e5d92f44b6999c1e468d9fb695, type: 3}
        time: 0.04
        eventEnabled: 0
        eventName: 
      name: wood-skull
      selectedIndex: 0
      newFramesTime: 0.05
      setFramesTime: 0.1
    file: {fileID: 11400000, guid: 15412b69ec08d4efbb1d7de11b24ef41, type: 2}
  - animationName: wood-skull-grey
    animation:
      speedRatio: 1
      loop: 0
      frameToLoop: 0
      frameDatas:
      - sprite: {fileID: 21300000, guid: 41ed18ad52f1843d4ade1b9745e10c5c, type: 3}
        time: 0.04
        eventEnabled: 0
        eventName: 
      name: wood-skull-grey
      selectedIndex: 0
      newFramesTime: 0.05
      setFramesTime: 0.1
    file: {fileID: 11400000, guid: 15412b69ec08d4efbb1d7de11b24ef41, type: 2}
  animationAsset: {fileID: 11400000, guid: 15412b69ec08d4efbb1d7de11b24ef41, type: 2}
  mode: 0
--- !u!1 &3653886202833376327
GameObject:
  m_ObjectHideFlags: 0
  m_CorrespondingSourceObject: {fileID: 0}
  m_PrefabInstance: {fileID: 0}
  m_PrefabAsset: {fileID: 0}
  serializedVersion: 6
  m_Component:
  - component: {fileID: 3720973184441850545}
  - component: {fileID: 1618508802714013707}
  - component: {fileID: 7276678694620546564}
  m_Layer: 5
  m_Name: Text (TMP)
  m_TagString: Untagged
  m_Icon: {fileID: 0}
  m_NavMeshLayer: 0
  m_StaticEditorFlags: 0
  m_IsActive: 1
--- !u!224 &3720973184441850545
RectTransform:
  m_ObjectHideFlags: 0
  m_CorrespondingSourceObject: {fileID: 0}
  m_PrefabInstance: {fileID: 0}
  m_PrefabAsset: {fileID: 0}
  m_GameObject: {fileID: 3653886202833376327}
  m_LocalRotation: {x: 0, y: 0, z: 0, w: 1}
  m_LocalPosition: {x: 0, y: 0, z: 0}
  m_LocalScale: {x: 1, y: 1, z: 1}
  m_Children: []
  m_Father: {fileID: 8675896572540044847}
  m_RootOrder: 1
  m_LocalEulerAnglesHint: {x: 0, y: 0, z: 0}
  m_AnchorMin: {x: 0, y: 0}
  m_AnchorMax: {x: 1, y: 1}
  m_AnchoredPosition: {x: 0.5, y: -2}
  m_SizeDelta: {x: -5, y: -4}
  m_Pivot: {x: 0.5, y: 0.5}
--- !u!222 &1618508802714013707
CanvasRenderer:
  m_ObjectHideFlags: 0
  m_CorrespondingSourceObject: {fileID: 0}
  m_PrefabInstance: {fileID: 0}
  m_PrefabAsset: {fileID: 0}
  m_GameObject: {fileID: 3653886202833376327}
  m_CullTransparentMesh: 1
--- !u!114 &7276678694620546564
MonoBehaviour:
  m_ObjectHideFlags: 0
  m_CorrespondingSourceObject: {fileID: 0}
  m_PrefabInstance: {fileID: 0}
  m_PrefabAsset: {fileID: 0}
  m_GameObject: {fileID: 3653886202833376327}
  m_Enabled: 1
  m_EditorHideFlags: 0
  m_Script: {fileID: 11500000, guid: f4688fdb7df04437aeb418b961361dc5, type: 3}
  m_Name: 
  m_EditorClassIdentifier: 
  m_Material: {fileID: 0}
  m_Color: {r: 1, g: 1, b: 1, a: 1}
  m_RaycastTarget: 1
  m_RaycastPadding: {x: 0, y: 0, z: 0, w: 0}
  m_Maskable: 1
  m_OnCullStateChanged:
    m_PersistentCalls:
      m_Calls: []
  m_text: x0
  m_isRightToLeft: 0
  m_fontAsset: {fileID: 11400000, guid: 3d3815ff95299437bb784ca7d5b66f92, type: 2}
  m_sharedMaterial: {fileID: 21019449701483084, guid: 3d3815ff95299437bb784ca7d5b66f92,
    type: 2}
  m_fontSharedMaterials: []
  m_fontMaterial: {fileID: 0}
  m_fontMaterials: []
  m_fontColor32:
    serializedVersion: 2
    rgba: 4283776622
  m_fontColor: {r: 0.43137255, g: 0.24313726, b: 0.33333334, a: 1}
  m_enableVertexGradient: 0
  m_colorMode: 3
  m_fontColorGradient:
    topLeft: {r: 1, g: 1, b: 1, a: 1}
    topRight: {r: 1, g: 1, b: 1, a: 1}
    bottomLeft: {r: 1, g: 1, b: 1, a: 1}
    bottomRight: {r: 1, g: 1, b: 1, a: 1}
  m_fontColorGradientPreset: {fileID: 0}
  m_spriteAsset: {fileID: 0}
  m_tintAllSprites: 0
  m_StyleSheet: {fileID: 0}
  m_TextStyleHashCode: -1183493901
  m_overrideHtmlColors: 0
  m_faceColor:
    serializedVersion: 2
    rgba: 4294967295
  m_fontSize: 14
  m_fontSizeBase: 14
  m_fontWeight: 400
  m_enableAutoSizing: 0
  m_fontSizeMin: 18
  m_fontSizeMax: 72
  m_fontStyle: 0
  m_HorizontalAlignment: 4
  m_VerticalAlignment: 256
  m_textAlignment: 65535
  m_characterSpacing: 0
  m_wordSpacing: 0
  m_lineSpacing: 0
  m_lineSpacingMax: 0
  m_paragraphSpacing: 0
  m_charWidthMaxAdj: 0
  m_enableWordWrapping: 1
  m_wordWrappingRatios: 0.4
  m_overflowMode: 0
  m_linkedTextComponent: {fileID: 0}
  parentLinkedComponent: {fileID: 0}
  m_enableKerning: 1
  m_enableExtraPadding: 0
  checkPaddingRequired: 0
  m_isRichText: 1
  m_parseCtrlCharacters: 1
  m_isOrthographic: 1
  m_isCullingEnabled: 0
  m_horizontalMapping: 0
  m_verticalMapping: 0
  m_uvLineOffset: 0
  m_geometrySortingOrder: 0
  m_IsTextObjectScaleStatic: 0
  m_VertexBufferAutoSizeReduction: 1
  m_useMaxVisibleDescender: 1
  m_pageToDisplay: 1
  m_margin: {x: 0, y: 0, z: 0, w: 0}
  m_isUsingLegacyAnimationComponent: 0
  m_isVolumetricText: 0
  m_hasFontAssetChanged: 0
  m_baseMaterial: {fileID: 0}
  m_maskOffset: {x: 0, y: 0, z: 0, w: 0}
--- !u!1 &7118241553724393096
GameObject:
  m_ObjectHideFlags: 0
  m_CorrespondingSourceObject: {fileID: 0}
  m_PrefabInstance: {fileID: 0}
  m_PrefabAsset: {fileID: 0}
  serializedVersion: 6
  m_Component:
  - component: {fileID: 8675896572540044847}
  - component: {fileID: 7544605106731767623}
  - component: {fileID: 5962410052134436380}
  - component: {fileID: 6694583526695270027}
  - component: {fileID: 2603457470312221760}
  - component: {fileID: 7694808220320607922}
  - component: {fileID: -141345458296172561}
  m_Layer: 5
  m_Name: ResultIngredient
  m_TagString: Untagged
  m_Icon: {fileID: 0}
  m_NavMeshLayer: 0
  m_StaticEditorFlags: 0
  m_IsActive: 1
--- !u!224 &8675896572540044847
RectTransform:
  m_ObjectHideFlags: 0
  m_CorrespondingSourceObject: {fileID: 0}
  m_PrefabInstance: {fileID: 0}
  m_PrefabAsset: {fileID: 0}
  m_GameObject: {fileID: 7118241553724393096}
  m_LocalRotation: {x: 0, y: 0, z: 0, w: 1}
  m_LocalPosition: {x: 0, y: 0, z: 0}
  m_LocalScale: {x: 1, y: 1, z: 1}
  m_Children:
  - {fileID: 6699992189138239734}
  - {fileID: 3720973184441850545}
  m_Father: {fileID: 0}
  m_RootOrder: 0
  m_LocalEulerAnglesHint: {x: 0, y: 0, z: 0}
  m_AnchorMin: {x: 0, y: 0}
  m_AnchorMax: {x: 0, y: 0}
  m_AnchoredPosition: {x: 0, y: 0}
  m_SizeDelta: {x: 53, y: 21}
  m_Pivot: {x: 0.5, y: 0.5}
--- !u!222 &7544605106731767623
CanvasRenderer:
  m_ObjectHideFlags: 0
  m_CorrespondingSourceObject: {fileID: 0}
  m_PrefabInstance: {fileID: 0}
  m_PrefabAsset: {fileID: 0}
  m_GameObject: {fileID: 7118241553724393096}
  m_CullTransparentMesh: 1
--- !u!114 &5962410052134436380
MonoBehaviour:
  m_ObjectHideFlags: 0
  m_CorrespondingSourceObject: {fileID: 0}
  m_PrefabInstance: {fileID: 0}
  m_PrefabAsset: {fileID: 0}
  m_GameObject: {fileID: 7118241553724393096}
  m_Enabled: 1
  m_EditorHideFlags: 0
  m_Script: {fileID: 11500000, guid: fe87c0e1cc204ed48ad3b37840f39efc, type: 3}
  m_Name: 
  m_EditorClassIdentifier: 
  m_Material: {fileID: 0}
  m_Color: {r: 1, g: 1, b: 1, a: 1}
  m_RaycastTarget: 0
  m_RaycastPadding: {x: 0, y: 0, z: 0, w: 0}
  m_Maskable: 0
  m_OnCullStateChanged:
    m_PersistentCalls:
      m_Calls: []
  m_Sprite: {fileID: 21300000, guid: 6b6fbc139f0710746b6ebf58d16798b5, type: 3}
  m_Type: 0
  m_PreserveAspect: 0
  m_FillCenter: 1
  m_FillMethod: 4
  m_FillAmount: 1
  m_FillClockwise: 1
  m_FillOrigin: 0
  m_UseSpriteMesh: 0
  m_PixelsPerUnitMultiplier: 1
--- !u!114 &6694583526695270027
MonoBehaviour:
  m_ObjectHideFlags: 0
  m_CorrespondingSourceObject: {fileID: 0}
  m_PrefabInstance: {fileID: 0}
  m_PrefabAsset: {fileID: 0}
  m_GameObject: {fileID: 7118241553724393096}
  m_Enabled: 1
  m_EditorHideFlags: 0
  m_Script: {fileID: 11500000, guid: 88fb3ea51bb752b49abd5037a4f40f6a, type: 3}
  m_Name: 
  m_EditorClassIdentifier: 
  playing: 0
  paused: 0
  timer: 0
  animIdx: -1
  currentIdx: 0
  speedRatio: 1
  playFrom: 0
  overrideTimeScale: 0
  timeScaleOverride: 0
  list:
  - animationName: balance
    animation:
      speedRatio: 1
      loop: 0
      frameToLoop: 0
      frameDatas:
      - sprite: {fileID: 21300000, guid: 3f8830df9b1ca8341a378a24a1de78fd, type: 3}
        time: 0.04
        eventEnabled: 0
        eventName: 
      name: balance
      selectedIndex: 0
      newFramesTime: 0.05
      setFramesTime: 0.1
    file: {fileID: 11400000, guid: 25458bfa75dfa475faf612db2483c482, type: 2}
  - animationName: chaos
    animation:
      speedRatio: 1
      loop: 0
      frameToLoop: 0
      frameDatas:
      - sprite: {fileID: 21300000, guid: 159b0c10b3ae44840a936f20b4cb7784, type: 3}
        time: 0.04
        eventEnabled: 0
        eventName: 
      name: chaos
      selectedIndex: 0
      newFramesTime: 0.05
      setFramesTime: 0.1
    file: {fileID: 11400000, guid: 25458bfa75dfa475faf612db2483c482, type: 2}
  - animationName: fortune
    animation:
      speedRatio: 1
      loop: 0
      frameToLoop: 0
      frameDatas:
      - sprite: {fileID: 21300000, guid: 0b05db9fd67239b4cb66b8d1d1058efe, type: 3}
        time: 0.04
        eventEnabled: 0
        eventName: 
      name: fortune
      selectedIndex: 0
      newFramesTime: 0.05
      setFramesTime: 0.1
    file: {fileID: 11400000, guid: 25458bfa75dfa475faf612db2483c482, type: 2}
  - animationName: nature
    animation:
      speedRatio: 1
      loop: 0
      frameToLoop: 0
      frameDatas:
      - sprite: {fileID: 21300000, guid: 01b546f895903d34ca5826a12c586463, type: 3}
        time: 0.04
        eventEnabled: 0
        eventName: 
      name: nature
      selectedIndex: 0
      newFramesTime: 0.05
      setFramesTime: 0.1
    file: {fileID: 11400000, guid: 25458bfa75dfa475faf612db2483c482, type: 2}
  - animationName: neutral
    animation:
      speedRatio: 1
      loop: 0
      frameToLoop: 0
      frameDatas:
      - sprite: {fileID: 21300000, guid: 6b6fbc139f0710746b6ebf58d16798b5, type: 3}
        time: 0.04
        eventEnabled: 0
        eventName: 
      name: neutral
      selectedIndex: 0
      newFramesTime: 0.05
      setFramesTime: 0.1
    file: {fileID: 11400000, guid: 25458bfa75dfa475faf612db2483c482, type: 2}
  - animationName: war
    animation:
      speedRatio: 1
      loop: 0
      frameToLoop: 0
      frameDatas:
      - sprite: {fileID: 21300000, guid: 23040ffbe9fd9d34ebf75e6f4d134ad1, type: 3}
        time: 0.04
        eventEnabled: 0
        eventName: 
      name: war
      selectedIndex: 0
      newFramesTime: 0.05
      setFramesTime: 0.1
    file: {fileID: 11400000, guid: 25458bfa75dfa475faf612db2483c482, type: 2}
  animationAsset: {fileID: 11400000, guid: 25458bfa75dfa475faf612db2483c482, type: 2}
  mode: 0
--- !u!114 &2603457470312221760
MonoBehaviour:
  m_ObjectHideFlags: 0
  m_CorrespondingSourceObject: {fileID: 0}
  m_PrefabInstance: {fileID: 0}
  m_PrefabAsset: {fileID: 0}
  m_GameObject: {fileID: 7118241553724393096}
  m_Enabled: 1
  m_EditorHideFlags: 0
  m_Script: {fileID: 11500000, guid: 2ec9530e502c427bae71b489ca7e091d, type: 3}
  m_Name: 
  m_EditorClassIdentifier: 
  label: {fileID: 7276678694620546564}
  formatWithCommas: 1
  prefix: <color=#906b67>x</color>
  smoothlyIncrease: 1
  smoothTime: 0.25
  capsAtMaxValue: 0
  maxValue: 999
  usesObjectForPlusSymbol: 0
  plusSymbol: {fileID: 0}
--- !u!114 &7694808220320607922
MonoBehaviour:
  m_ObjectHideFlags: 0
  m_CorrespondingSourceObject: {fileID: 0}
  m_PrefabInstance: {fileID: 0}
  m_PrefabAsset: {fileID: 0}
  m_GameObject: {fileID: 7118241553724393096}
  m_Enabled: 1
  m_EditorHideFlags: 0
  m_Script: {fileID: 11500000, guid: ca523668d0724c1ab9b6add1e78b349d, type: 3}
  m_Name: 
  m_EditorClassIdentifier: 
  itemName: 
  itemNameLabel: {fileID: 0}
  itemHolder: {fileID: 6694583526695270027}
  itemIcon: {fileID: 1813679562448100821}
  labelFormatter: {fileID: 2603457470312221760}
  tooltip: {fileID: 0}
  usesOverlay: 0
  overlay: {fileID: 0}
  overlayImg: {fileID: 0}
  darkensAtNoItemsInInventory: 0
  darkenColor: {r: 0.101960786, g: 0.043137256, b: 0.07058824, a: 1}
  blinks: 0
  blinkSpeed: 10
  blinkColor: {r: 0.9019608, g: 0.8627451, b: 0.8235294, a: 1}
--- !u!225 &-141345458296172561
CanvasGroup:
  m_ObjectHideFlags: 0
  m_CorrespondingSourceObject: {fileID: 0}
  m_PrefabInstance: {fileID: 0}
  m_PrefabAsset: {fileID: 0}
  m_GameObject: {fileID: 7118241553724393096}
  m_Enabled: 1
  m_Alpha: 1
  m_Interactable: 1
  m_BlocksRaycasts: 1
  m_IgnoreParentGroups: 0
