%YAML 1.1
%TAG !u! tag:unity3d.com,2011:
--- !u!1 &7095649756995495414
GameObject:
  m_ObjectHideFlags: 0
  m_CorrespondingSourceObject: {fileID: 0}
  m_PrefabInstance: {fileID: 0}
  m_PrefabAsset: {fileID: 0}
  serializedVersion: 6
  m_Component:
  - component: {fileID: 7095649756995495413}
  - component: {fileID: 7095649756995495412}
  m_Layer: 5
  m_Name: NodesParent
  m_TagString: Untagged
  m_Icon: {fileID: 0}
  m_NavMeshLayer: 0
  m_StaticEditorFlags: 0
  m_IsActive: 1
--- !u!224 &7095649756995495413
RectTransform:
  m_ObjectHideFlags: 0
  m_CorrespondingSourceObject: {fileID: 0}
  m_PrefabInstance: {fileID: 0}
  m_PrefabAsset: {fileID: 0}
  m_GameObject: {fileID: 7095649756995495414}
  m_LocalRotation: {x: 0, y: 0, z: 0, w: 1}
  m_LocalPosition: {x: 0, y: 0, z: 0}
  m_LocalScale: {x: 1, y: 1, z: 1}
  m_Children: []
  m_Father: {fileID: 7095649757752341381}
  m_RootOrder: 4
  m_LocalEulerAnglesHint: {x: 0, y: 0, z: 0}
  m_AnchorMin: {x: 0.5, y: 0.5}
  m_AnchorMax: {x: 0.5, y: 0.5}
  m_AnchoredPosition: {x: 0, y: 44.515}
  m_SizeDelta: {x: 36, y: 199.031}
  m_Pivot: {x: 0.5, y: 0.5}
--- !u!114 &7095649756995495412
MonoBehaviour:
  m_ObjectHideFlags: 0
  m_CorrespondingSourceObject: {fileID: 0}
  m_PrefabInstance: {fileID: 0}
  m_PrefabAsset: {fileID: 0}
  m_GameObject: {fileID: 7095649756995495414}
  m_Enabled: 1
  m_EditorHideFlags: 0
  m_Script: {fileID: 11500000, guid: 59f8146938fff824cb5fd77236b75775, type: 3}
  m_Name: 
  m_EditorClassIdentifier: 
  m_Padding:
    m_Left: 0
    m_Right: 0
    m_Top: 0
    m_Bottom: 2
  m_ChildAlignment: 7
  m_Spacing: 4
  m_ChildForceExpandWidth: 1
  m_ChildForceExpandHeight: 0
  m_ChildControlWidth: 0
  m_ChildControlHeight: 0
  m_ChildScaleWidth: 0
  m_ChildScaleHeight: 0
  m_ReverseArrangement: 1
--- !u!1 &7095649757361366083
GameObject:
  m_ObjectHideFlags: 0
  m_CorrespondingSourceObject: {fileID: 0}
  m_PrefabInstance: {fileID: 0}
  m_PrefabAsset: {fileID: 0}
  serializedVersion: 6
  m_Component:
  - component: {fileID: 7095649757361366082}
  - component: {fileID: 7095649757361366080}
  - component: {fileID: 7095649757361366081}
  - component: {fileID: 7095649757361366111}
  m_Layer: 5
  m_Name: ArchetypeIcon
  m_TagString: Untagged
  m_Icon: {fileID: 0}
  m_NavMeshLayer: 0
  m_StaticEditorFlags: 0
  m_IsActive: 1
--- !u!224 &7095649757361366082
RectTransform:
  m_ObjectHideFlags: 0
  m_CorrespondingSourceObject: {fileID: 0}
  m_PrefabInstance: {fileID: 0}
  m_PrefabAsset: {fileID: 0}
  m_GameObject: {fileID: 7095649757361366083}
  m_LocalRotation: {x: -0, y: -0, z: -0, w: 1}
  m_LocalPosition: {x: 0, y: 0, z: 0}
  m_LocalScale: {x: 1, y: 1, z: 1}
  m_Children: []
  m_Father: {fileID: 7095649757752341381}
  m_RootOrder: 2
  m_LocalEulerAnglesHint: {x: 0, y: 0, z: 0}
  m_AnchorMin: {x: 0.5, y: 0}
  m_AnchorMax: {x: 0.5, y: 0}
  m_AnchoredPosition: {x: 0, y: 26}
  m_SizeDelta: {x: 50, y: 34}
  m_Pivot: {x: 0.5, y: 0}
--- !u!222 &7095649757361366080
CanvasRenderer:
  m_ObjectHideFlags: 0
  m_CorrespondingSourceObject: {fileID: 0}
  m_PrefabInstance: {fileID: 0}
  m_PrefabAsset: {fileID: 0}
  m_GameObject: {fileID: 7095649757361366083}
  m_CullTransparentMesh: 1
--- !u!114 &7095649757361366081
MonoBehaviour:
  m_ObjectHideFlags: 0
  m_CorrespondingSourceObject: {fileID: 0}
  m_PrefabInstance: {fileID: 0}
  m_PrefabAsset: {fileID: 0}
  m_GameObject: {fileID: 7095649757361366083}
  m_Enabled: 1
  m_EditorHideFlags: 0
  m_Script: {fileID: 11500000, guid: fe87c0e1cc204ed48ad3b37840f39efc, type: 3}
  m_Name: 
  m_EditorClassIdentifier: 
  m_Material: {fileID: 0}
  m_Color: {r: 1, g: 1, b: 1, a: 1}
  m_RaycastTarget: 0
  m_RaycastPadding: {x: 0, y: 0, z: 0, w: 0}
  m_Maskable: 0
  m_OnCullStateChanged:
    m_PersistentCalls:
      m_Calls: []
  m_Sprite: {fileID: 21300000, guid: 2a4698cd71e28ff4692133b8b06e4ef7, type: 3}
  m_Type: 0
  m_PreserveAspect: 0
  m_FillCenter: 1
  m_FillMethod: 4
  m_FillAmount: 1
  m_FillClockwise: 1
  m_FillOrigin: 0
  m_UseSpriteMesh: 0
  m_PixelsPerUnitMultiplier: 1
--- !u!114 &7095649757361366111
MonoBehaviour:
  m_ObjectHideFlags: 0
  m_CorrespondingSourceObject: {fileID: 0}
  m_PrefabInstance: {fileID: 0}
  m_PrefabAsset: {fileID: 0}
  m_GameObject: {fileID: 7095649757361366083}
  m_Enabled: 1
  m_EditorHideFlags: 0
  m_Script: {fileID: 11500000, guid: 88fb3ea51bb752b49abd5037a4f40f6a, type: 3}
  m_Name: 
  m_EditorClassIdentifier: 
  playing: 0
  paused: 0
  timer: 0
  animIdx: -1
  currentIdx: 0
  speedRatio: 1
  playFrom: 0
  overrideTimeScale: 0
  timeScaleOverride: 0
  list:
  - animationName: ancient-flux
    animation:
      speedRatio: 1
      loop: 1
      frameToLoop: 0
      frameDatas:
      - sprite: {fileID: 21300000, guid: 51390b2e7aa978b4fbd44cfe64a0b1c7, type: 3}
        time: 0.04
        eventEnabled: 0
        eventName: 
      name: ancient-flux
      selectedIndex: 0
      newFramesTime: 0.05
      setFramesTime: 0.1
    file: {fileID: 11400000, guid: a70ca7077d82f41db8be49b036ffffc1, type: 2}
  - animationName: blood-boil
    animation:
      speedRatio: 1
      loop: 1
      frameToLoop: 0
      frameDatas:
      - sprite: {fileID: 21300000, guid: d8609e627f93e2646aabf619af0d9dfa, type: 3}
        time: 0.04
        eventEnabled: 0
        eventName: 
      name: blood-boil
      selectedIndex: 0
      newFramesTime: 0.05
      setFramesTime: 0.1
    file: {fileID: 11400000, guid: a70ca7077d82f41db8be49b036ffffc1, type: 2}
  - animationName: bolt-bruisers
    animation:
      speedRatio: 1
      loop: 1
      frameToLoop: 0
      frameDatas:
      - sprite: {fileID: 21300000, guid: 86f24b3618fc7cb46bd375370ecaf298, type: 3}
        time: 0.04
        eventEnabled: 0
        eventName: 
      name: bolt-bruisers
      selectedIndex: 0
      newFramesTime: 0.05
      setFramesTime: 0.1
    file: {fileID: 11400000, guid: a70ca7077d82f41db8be49b036ffffc1, type: 2}
  - animationName: bombs-away
    animation:
      speedRatio: 1
      loop: 1
      frameToLoop: 0
      frameDatas:
      - sprite: {fileID: 21300000, guid: b812909d92e12e140b66b9a581fffb3b, type: 3}
        time: 0.04
        eventEnabled: 0
        eventName: 
      name: bombs-away
      selectedIndex: 0
      newFramesTime: 0.05
      setFramesTime: 0.1
    file: {fileID: 11400000, guid: a70ca7077d82f41db8be49b036ffffc1, type: 2}
  - animationName: cannon-barrage
    animation:
      speedRatio: 1
      loop: 1
      frameToLoop: 0
      frameDatas:
      - sprite: {fileID: 21300000, guid: 489370c6dc105d746b161959094314f6, type: 3}
        time: 0.04
        eventEnabled: 0
        eventName: 
      name: cannon-barrage
      selectedIndex: 0
      newFramesTime: 0.05
      setFramesTime: 0.1
    file: {fileID: 11400000, guid: a70ca7077d82f41db8be49b036ffffc1, type: 2}
  - animationName: draconic-demise
    animation:
      speedRatio: 1
      loop: 1
      frameToLoop: 0
      frameDatas:
      - sprite: {fileID: 21300000, guid: 1fe01be9641b8464f8a661d74d48a74e, type: 3}
        time: 0.04
        eventEnabled: 0
        eventName: 
      name: draconic-demise
      selectedIndex: 0
      newFramesTime: 0.05
      setFramesTime: 0.1
    file: {fileID: 11400000, guid: a70ca7077d82f41db8be49b036ffffc1, type: 2}
  - animationName: frantic-fandom
    animation:
      speedRatio: 1
      loop: 1
      frameToLoop: 0
      frameDatas:
      - sprite: {fileID: 21300000, guid: 49abc460320376d48bcce48f8a71bf0e, type: 3}
        time: 0.04
        eventEnabled: 0
        eventName: 
      name: frantic-fandom
      selectedIndex: 0
      newFramesTime: 0.05
      setFramesTime: 0.1
    file: {fileID: 11400000, guid: a70ca7077d82f41db8be49b036ffffc1, type: 2}
  - animationName: glimmer-glow
    animation:
      speedRatio: 1
      loop: 1
      frameToLoop: 0
      frameDatas:
      - sprite: {fileID: 21300000, guid: ac986cab9810b394cb05034ed7cdd3dd, type: 3}
        time: 0.04
        eventEnabled: 0
        eventName: 
      name: glimmer-glow
      selectedIndex: 0
      newFramesTime: 0.05
      setFramesTime: 0.1
    file: {fileID: 11400000, guid: a70ca7077d82f41db8be49b036ffffc1, type: 2}
  - animationName: pirate-party
    animation:
      speedRatio: 1
      loop: 1
      frameToLoop: 0
      frameDatas:
      - sprite: {fileID: 21300000, guid: 2a4698cd71e28ff4692133b8b06e4ef7, type: 3}
        time: 0.04
        eventEnabled: 0
        eventName: 
      name: pirate-party
      selectedIndex: 0
      newFramesTime: 0.05
      setFramesTime: 0.1
    file: {fileID: 11400000, guid: a70ca7077d82f41db8be49b036ffffc1, type: 2}
  - animationName: ransack-rogue
    animation:
      speedRatio: 1
      loop: 1
      frameToLoop: 0
      frameDatas:
      - sprite: {fileID: 21300000, guid: 9e23557ff4c4382499d88d596b01c6cb, type: 3}
        time: 0.04
        eventEnabled: 0
        eventName: 
      name: ransack-rogue
      selectedIndex: 0
      newFramesTime: 0.05
      setFramesTime: 0.1
    file: {fileID: 11400000, guid: a70ca7077d82f41db8be49b036ffffc1, type: 2}
  - animationName: superstar-shout
    animation:
      speedRatio: 1
      loop: 1
      frameToLoop: 0
      frameDatas:
      - sprite: {fileID: 21300000, guid: ada4461bd7bb61a48bc53d1b630de905, type: 3}
        time: 0.04
        eventEnabled: 0
        eventName: 
      name: superstar-shout
      selectedIndex: 0
      newFramesTime: 0.05
      setFramesTime: 0.1
    file: {fileID: 11400000, guid: a70ca7077d82f41db8be49b036ffffc1, type: 2}
  - animationName: trap-trickery
    animation:
      speedRatio: 1
      loop: 1
      frameToLoop: 0
      frameDatas:
      - sprite: {fileID: 21300000, guid: 6a3dc55d60a65f641913e007a011a00b, type: 3}
        time: 0.04
        eventEnabled: 0
        eventName: 
      name: trap-trickery
      selectedIndex: 0
      newFramesTime: 0.05
      setFramesTime: 0.1
    file: {fileID: 11400000, guid: a70ca7077d82f41db8be49b036ffffc1, type: 2}
  animationAsset: {fileID: 11400000, guid: a70ca7077d82f41db8be49b036ffffc1, type: 2}
  mode: 0
--- !u!1 &7095649757582110146
GameObject:
  m_ObjectHideFlags: 0
  m_CorrespondingSourceObject: {fileID: 0}
  m_PrefabInstance: {fileID: 0}
  m_PrefabAsset: {fileID: 0}
  serializedVersion: 6
  m_Component:
  - component: {fileID: 7095649757582110145}
  - component: {fileID: 7095649757582110175}
  - component: {fileID: 7095649757582110144}
  m_Layer: 5
  m_Name: ArchetypeName
  m_TagString: Untagged
  m_Icon: {fileID: 0}
  m_NavMeshLayer: 0
  m_StaticEditorFlags: 0
  m_IsActive: 1
--- !u!224 &7095649757582110145
RectTransform:
  m_ObjectHideFlags: 0
  m_CorrespondingSourceObject: {fileID: 0}
  m_PrefabInstance: {fileID: 0}
  m_PrefabAsset: {fileID: 0}
  m_GameObject: {fileID: 7095649757582110146}
  m_LocalRotation: {x: 0, y: 0, z: 0, w: 1}
  m_LocalPosition: {x: 0, y: 0, z: 0}
  m_LocalScale: {x: 1, y: 1, z: 1}
  m_Children: []
  m_Father: {fileID: 7095649757752341381}
  m_RootOrder: 3
  m_LocalEulerAnglesHint: {x: 0, y: 0, z: 0}
  m_AnchorMin: {x: 0.5, y: 0}
  m_AnchorMax: {x: 0.5, y: 0}
  m_AnchoredPosition: {x: 0.8, y: 15}
  m_SizeDelta: {x: 65.29, y: 12}
  m_Pivot: {x: 0.5, y: 0}
--- !u!222 &7095649757582110175
CanvasRenderer:
  m_ObjectHideFlags: 0
  m_CorrespondingSourceObject: {fileID: 0}
  m_PrefabInstance: {fileID: 0}
  m_PrefabAsset: {fileID: 0}
  m_GameObject: {fileID: 7095649757582110146}
  m_CullTransparentMesh: 1
--- !u!114 &7095649757582110144
MonoBehaviour:
  m_ObjectHideFlags: 0
  m_CorrespondingSourceObject: {fileID: 0}
  m_PrefabInstance: {fileID: 0}
  m_PrefabAsset: {fileID: 0}
  m_GameObject: {fileID: 7095649757582110146}
  m_Enabled: 1
  m_EditorHideFlags: 0
  m_Script: {fileID: 11500000, guid: f4688fdb7df04437aeb418b961361dc5, type: 3}
  m_Name: 
  m_EditorClassIdentifier: 
  m_Material: {fileID: 0}
  m_Color: {r: 1, g: 1, b: 1, a: 1}
  m_RaycastTarget: 0
  m_RaycastPadding: {x: 0, y: 0, z: 0, w: 0}
  m_Maskable: 1
  m_OnCullStateChanged:
    m_PersistentCalls:
      m_Calls: []
  m_text: ransack rogue
  m_isRightToLeft: 0
  m_fontAsset: {fileID: 11400000, guid: 3d3815ff95299437bb784ca7d5b66f92, type: 2}
  m_sharedMaterial: {fileID: 2100000, guid: bbbc65dc7ee374c3bad515f1d0bb9567, type: 2}
  m_fontSharedMaterials: []
  m_fontMaterial: {fileID: 0}
  m_fontMaterials: []
  m_fontColor32:
    serializedVersion: 2
    rgba: 4292009190
  m_fontColor: {r: 0.90196085, g: 0.86274517, b: 0.8235295, a: 1}
  m_enableVertexGradient: 0
  m_colorMode: 3
  m_fontColorGradient:
    topLeft: {r: 1, g: 1, b: 1, a: 1}
    topRight: {r: 1, g: 1, b: 1, a: 1}
    bottomLeft: {r: 1, g: 1, b: 1, a: 1}
    bottomRight: {r: 1, g: 1, b: 1, a: 1}
  m_fontColorGradientPreset: {fileID: 0}
  m_spriteAsset: {fileID: 0}
  m_tintAllSprites: 0
  m_StyleSheet: {fileID: 0}
  m_TextStyleHashCode: -1183493901
  m_overrideHtmlColors: 0
  m_faceColor:
    serializedVersion: 2
    rgba: 4294967295
  m_fontSize: 14
  m_fontSizeBase: 14
  m_fontWeight: 400
  m_enableAutoSizing: 0
  m_fontSizeMin: 8
  m_fontSizeMax: 32
  m_fontStyle: 16
  m_HorizontalAlignment: 2
  m_VerticalAlignment: 256
  m_textAlignment: 65535
  m_characterSpacing: 0
  m_wordSpacing: 0
  m_lineSpacing: -21.5
  m_lineSpacingMax: 0
  m_paragraphSpacing: 0
  m_charWidthMaxAdj: 0
  m_enableWordWrapping: 1
  m_wordWrappingRatios: 0.4
  m_overflowMode: 0
  m_linkedTextComponent: {fileID: 0}
  parentLinkedComponent: {fileID: 0}
  m_enableKerning: 1
  m_enableExtraPadding: 0
  checkPaddingRequired: 0
  m_isRichText: 1
  m_parseCtrlCharacters: 1
  m_isOrthographic: 1
  m_isCullingEnabled: 0
  m_horizontalMapping: 0
  m_verticalMapping: 0
  m_uvLineOffset: 0
  m_geometrySortingOrder: 0
  m_IsTextObjectScaleStatic: 1
  m_VertexBufferAutoSizeReduction: 1
  m_useMaxVisibleDescender: 1
  m_pageToDisplay: 1
  m_margin: {x: 0, y: 0, z: 0, w: 0}
  m_isUsingLegacyAnimationComponent: 0
  m_isVolumetricText: 0
  m_hasFontAssetChanged: 0
  m_baseMaterial: {fileID: 0}
  m_maskOffset: {x: 0, y: 0, z: 0, w: 0}
--- !u!1 &7095649757752341382
GameObject:
  m_ObjectHideFlags: 0
  m_CorrespondingSourceObject: {fileID: 0}
  m_PrefabInstance: {fileID: 0}
  m_PrefabAsset: {fileID: 0}
  serializedVersion: 6
  m_Component:
  - component: {fileID: 7095649757752341381}
  - component: {fileID: 2573856796477284738}
  m_Layer: 5
  m_Name: LevelGridNodeColumn
  m_TagString: Untagged
  m_Icon: {fileID: 0}
  m_NavMeshLayer: 0
  m_StaticEditorFlags: 0
  m_IsActive: 1
--- !u!224 &7095649757752341381
RectTransform:
  m_ObjectHideFlags: 0
  m_CorrespondingSourceObject: {fileID: 0}
  m_PrefabInstance: {fileID: 0}
  m_PrefabAsset: {fileID: 0}
  m_GameObject: {fileID: 7095649757752341382}
  m_LocalRotation: {x: 0, y: 0, z: 0, w: 1}
  m_LocalPosition: {x: 0, y: 0, z: 0}
  m_LocalScale: {x: 1, y: 1, z: 1}
  m_Children:
  - {fileID: 7095649758269454102}
  - {fileID: 7095649758833724212}
  - {fileID: 7095649757361366082}
  - {fileID: 7095649757582110145}
  - {fileID: 7095649756995495413}
  m_Father: {fileID: 0}
  m_RootOrder: 0
  m_LocalEulerAnglesHint: {x: 0, y: 0, z: 0}
  m_AnchorMin: {x: 0, y: 0}
  m_AnchorMax: {x: 0, y: 0}
  m_AnchoredPosition: {x: 0, y: 0}
  m_SizeDelta: {x: 70, y: 232}
  m_Pivot: {x: 0.5, y: 0.5}
--- !u!114 &2573856796477284738
MonoBehaviour:
  m_ObjectHideFlags: 0
  m_CorrespondingSourceObject: {fileID: 0}
  m_PrefabInstance: {fileID: 0}
  m_PrefabAsset: {fileID: 0}
  m_GameObject: {fileID: 7095649757752341382}
  m_Enabled: 1
  m_EditorHideFlags: 0
  m_Script: {fileID: 11500000, guid: 9690e5edd15a40688cadaebfdae7affc, type: 3}
  m_Name: 
  m_EditorClassIdentifier: 
  archetypeName: {fileID: 7095649757582110144}
  archetypeIcon: {fileID: 7095649757361366111}
  columnAnimator: {fileID: 3371711444750947601}
  columnBarAnimator: {fileID: 6023427396713541272}
  nodeParent: {fileID: 7095649756995495413}
  levelNodePrefab: {fileID: 7251069972190879347, guid: 2ddbcdc9ae77a4689a3ae707656647f8,
    type: 3}
--- !u!1 &7095649758269454103
GameObject:
  m_ObjectHideFlags: 0
  m_CorrespondingSourceObject: {fileID: 0}
  m_PrefabInstance: {fileID: 0}
  m_PrefabAsset: {fileID: 0}
  serializedVersion: 6
  m_Component:
  - component: {fileID: 7095649758269454102}
  - component: {fileID: 7095649758269454100}
  - component: {fileID: 7095649758269454101}
  - component: {fileID: 3371711444750947601}
  m_Layer: 5
  m_Name: Column
  m_TagString: Untagged
  m_Icon: {fileID: 0}
  m_NavMeshLayer: 0
  m_StaticEditorFlags: 0
  m_IsActive: 1
--- !u!224 &7095649758269454102
RectTransform:
  m_ObjectHideFlags: 0
  m_CorrespondingSourceObject: {fileID: 0}
  m_PrefabInstance: {fileID: 0}
  m_PrefabAsset: {fileID: 0}
  m_GameObject: {fileID: 7095649758269454103}
  m_LocalRotation: {x: 0, y: 0, z: 0, w: 1}
  m_LocalPosition: {x: 0, y: 0, z: 0}
  m_LocalScale: {x: 1, y: 1, z: 1}
  m_Children: []
  m_Father: {fileID: 7095649757752341381}
  m_RootOrder: 0
  m_LocalEulerAnglesHint: {x: 0, y: 0, z: 0}
  m_AnchorMin: {x: 0.5, y: 0.5}
  m_AnchorMax: {x: 0.5, y: 0.5}
  m_AnchoredPosition: {x: 0, y: 0}
  m_SizeDelta: {x: 70, y: 232}
  m_Pivot: {x: 0.5, y: 0.5}
--- !u!222 &7095649758269454100
CanvasRenderer:
  m_ObjectHideFlags: 0
  m_CorrespondingSourceObject: {fileID: 0}
  m_PrefabInstance: {fileID: 0}
  m_PrefabAsset: {fileID: 0}
  m_GameObject: {fileID: 7095649758269454103}
  m_CullTransparentMesh: 1
--- !u!114 &7095649758269454101
MonoBehaviour:
  m_ObjectHideFlags: 0
  m_CorrespondingSourceObject: {fileID: 0}
  m_PrefabInstance: {fileID: 0}
  m_PrefabAsset: {fileID: 0}
  m_GameObject: {fileID: 7095649758269454103}
  m_Enabled: 1
  m_EditorHideFlags: 0
  m_Script: {fileID: 11500000, guid: fe87c0e1cc204ed48ad3b37840f39efc, type: 3}
  m_Name: 
  m_EditorClassIdentifier: 
  m_Material: {fileID: 0}
  m_Color: {r: 1, g: 1, b: 1, a: 1}
  m_RaycastTarget: 0
  m_RaycastPadding: {x: 0, y: 0, z: 0, w: 0}
  m_Maskable: 0
  m_OnCullStateChanged:
    m_PersistentCalls:
      m_Calls: []
  m_Sprite: {fileID: 21300000, guid: dc09fa6ccb74a254a80cf3b03dd4e08b, type: 3}
  m_Type: 0
  m_PreserveAspect: 0
  m_FillCenter: 1
  m_FillMethod: 4
  m_FillAmount: 1
  m_FillClockwise: 1
  m_FillOrigin: 0
  m_UseSpriteMesh: 0
  m_PixelsPerUnitMultiplier: 1
--- !u!114 &3371711444750947601
MonoBehaviour:
  m_ObjectHideFlags: 0
  m_CorrespondingSourceObject: {fileID: 0}
  m_PrefabInstance: {fileID: 0}
  m_PrefabAsset: {fileID: 0}
  m_GameObject: {fileID: 7095649758269454103}
  m_Enabled: 1
  m_EditorHideFlags: 0
  m_Script: {fileID: 11500000, guid: 88fb3ea51bb752b49abd5037a4f40f6a, type: 3}
  m_Name: 
  m_EditorClassIdentifier: 
  playing: 0
  paused: 0
  timer: 0
  animIdx: -1
  currentIdx: 0
  speedRatio: 1
  playFrom: 0
  overrideTimeScale: 0
  timeScaleOverride: 0
  list:
  - animationName: balance-active
    animation:
      speedRatio: 1
      loop: 1
      frameToLoop: 0
      frameDatas:
      - sprite: {fileID: 21300000, guid: b73030a9e165d3542a19ee37a4a38ba3, type: 3}
        time: 0.04
        eventEnabled: 0
        eventName: 
      name: balance-active
      selectedIndex: 0
      newFramesTime: 0.05
      setFramesTime: 0.1
    file: {fileID: 11400000, guid: 38115812ff41441bd85ca8d281674d6b, type: 2}
  - animationName: balance-inactive
    animation:
      speedRatio: 1
      loop: 1
      frameToLoop: 0
      frameDatas:
      - sprite: {fileID: 21300000, guid: 6e070804c7bba5c4ca9b8d0a9137e457, type: 3}
        time: 0.04
        eventEnabled: 0
        eventName: 
      name: balance-inactive
      selectedIndex: 0
      newFramesTime: 0.05
      setFramesTime: 0.1
    file: {fileID: 11400000, guid: 38115812ff41441bd85ca8d281674d6b, type: 2}
  - animationName: chaos-active
    animation:
      speedRatio: 1
      loop: 1
      frameToLoop: 0
      frameDatas:
      - sprite: {fileID: 21300000, guid: 0fa25c8dc65ef814a84fbf1b1eb8c3a8, type: 3}
        time: 0.04
        eventEnabled: 0
        eventName: 
      name: chaos-active
      selectedIndex: 0
      newFramesTime: 0.05
      setFramesTime: 0.1
    file: {fileID: 11400000, guid: 38115812ff41441bd85ca8d281674d6b, type: 2}
  - animationName: chaos-inactive
    animation:
      speedRatio: 1
      loop: 1
      frameToLoop: 0
      frameDatas:
      - sprite: {fileID: 21300000, guid: 23bb353d4365dbb4eb69d52b70e16a04, type: 3}
        time: 0.04
        eventEnabled: 0
        eventName: 
      name: chaos-inactive
      selectedIndex: 0
      newFramesTime: 0.05
      setFramesTime: 0.1
    file: {fileID: 11400000, guid: 38115812ff41441bd85ca8d281674d6b, type: 2}
  - animationName: fortune-active
    animation:
      speedRatio: 1
      loop: 1
      frameToLoop: 0
      frameDatas:
      - sprite: {fileID: 21300000, guid: efde460feff97a54eaeebfb35e6dac82, type: 3}
        time: 0.04
        eventEnabled: 0
        eventName: 
      name: fortune-active
      selectedIndex: 0
      newFramesTime: 0.05
      setFramesTime: 0.1
    file: {fileID: 11400000, guid: 38115812ff41441bd85ca8d281674d6b, type: 2}
  - animationName: fortune-inactive
    animation:
      speedRatio: 1
      loop: 1
      frameToLoop: 0
      frameDatas:
      - sprite: {fileID: 21300000, guid: c1bf0389fd10d814a94a7ba265a05ee9, type: 3}
        time: 0.04
        eventEnabled: 0
        eventName: 
      name: fortune-inactive
      selectedIndex: 0
      newFramesTime: 0.05
      setFramesTime: 0.1
    file: {fileID: 11400000, guid: 38115812ff41441bd85ca8d281674d6b, type: 2}
  - animationName: nature-active
    animation:
      speedRatio: 1
      loop: 1
      frameToLoop: 0
      frameDatas:
      - sprite: {fileID: 21300000, guid: 1d0b7127535eb1245b7cc887906c2073, type: 3}
        time: 0.04
        eventEnabled: 0
        eventName: 
      name: nature-active
      selectedIndex: 0
      newFramesTime: 0.05
      setFramesTime: 0.1
    file: {fileID: 11400000, guid: 38115812ff41441bd85ca8d281674d6b, type: 2}
  - animationName: nature-inactive
    animation:
      speedRatio: 1
      loop: 1
      frameToLoop: 0
      frameDatas:
      - sprite: {fileID: 21300000, guid: 8a8b714c679856942b9a678298a56468, type: 3}
        time: 0.04
        eventEnabled: 0
        eventName: 
      name: nature-inactive
      selectedIndex: 0
      newFramesTime: 0.05
      setFramesTime: 0.1
    file: {fileID: 11400000, guid: 38115812ff41441bd85ca8d281674d6b, type: 2}
  - animationName: war-active
    animation:
      speedRatio: 1
      loop: 1
      frameToLoop: 0
      frameDatas:
      - sprite: {fileID: 21300000, guid: 4bdbd2b73f1211642b355ad9e99e7407, type: 3}
        time: 0.04
        eventEnabled: 0
        eventName: 
      name: war-active
      selectedIndex: 0
      newFramesTime: 0.05
      setFramesTime: 0.1
    file: {fileID: 11400000, guid: 38115812ff41441bd85ca8d281674d6b, type: 2}
  - animationName: war-inactive
    animation:
      speedRatio: 1
      loop: 1
      frameToLoop: 0
      frameDatas:
      - sprite: {fileID: 21300000, guid: dc09fa6ccb74a254a80cf3b03dd4e08b, type: 3}
        time: 0.04
        eventEnabled: 0
        eventName: 
      name: war-inactive
      selectedIndex: 0
      newFramesTime: 0.05
      setFramesTime: 0.1
    file: {fileID: 11400000, guid: 38115812ff41441bd85ca8d281674d6b, type: 2}
  animationAsset: {fileID: 11400000, guid: 38115812ff41441bd85ca8d281674d6b, type: 2}
  mode: 0
--- !u!1 &7095649758833724213
GameObject:
  m_ObjectHideFlags: 0
  m_CorrespondingSourceObject: {fileID: 0}
  m_PrefabInstance: {fileID: 0}
  m_PrefabAsset: {fileID: 0}
  serializedVersion: 6
  m_Component:
  - component: {fileID: 7095649758833724212}
  - component: {fileID: 7095649758833724210}
  - component: {fileID: 7095649758833724211}
  - component: {fileID: 6023427396713541272}
  m_Layer: 5
  m_Name: ColumnBar
  m_TagString: Untagged
  m_Icon: {fileID: 0}
  m_NavMeshLayer: 0
  m_StaticEditorFlags: 0
  m_IsActive: 1
--- !u!224 &7095649758833724212
RectTransform:
  m_ObjectHideFlags: 0
  m_CorrespondingSourceObject: {fileID: 0}
  m_PrefabInstance: {fileID: 0}
  m_PrefabAsset: {fileID: 0}
  m_GameObject: {fileID: 7095649758833724213}
  m_LocalRotation: {x: 0, y: 0, z: 0, w: 1}
  m_LocalPosition: {x: 0, y: 0, z: 0}
  m_LocalScale: {x: 1, y: 1, z: 1}
  m_Children: []
  m_Father: {fileID: 7095649757752341381}
  m_RootOrder: 1
  m_LocalEulerAnglesHint: {x: 0, y: 0, z: 0}
  m_AnchorMin: {x: 0.5, y: 0.5}
  m_AnchorMax: {x: 0.5, y: 0.5}
  m_AnchoredPosition: {x: 0, y: 30}
  m_SizeDelta: {x: 36, y: 170}
  m_Pivot: {x: 0.5, y: 0.5}
--- !u!222 &7095649758833724210
CanvasRenderer:
  m_ObjectHideFlags: 0
  m_CorrespondingSourceObject: {fileID: 0}
  m_PrefabInstance: {fileID: 0}
  m_PrefabAsset: {fileID: 0}
  m_GameObject: {fileID: 7095649758833724213}
  m_CullTransparentMesh: 1
--- !u!114 &7095649758833724211
MonoBehaviour:
  m_ObjectHideFlags: 0
  m_CorrespondingSourceObject: {fileID: 0}
  m_PrefabInstance: {fileID: 0}
  m_PrefabAsset: {fileID: 0}
  m_GameObject: {fileID: 7095649758833724213}
  m_Enabled: 1
  m_EditorHideFlags: 0
  m_Script: {fileID: 11500000, guid: fe87c0e1cc204ed48ad3b37840f39efc, type: 3}
  m_Name: 
  m_EditorClassIdentifier: 
  m_Material: {fileID: 0}
  m_Color: {r: 1, g: 1, b: 1, a: 1}
  m_RaycastTarget: 0
  m_RaycastPadding: {x: 0, y: 0, z: 0, w: 0}
  m_Maskable: 0
  m_OnCullStateChanged:
    m_PersistentCalls:
      m_Calls: []
  m_Sprite: {fileID: 21300000, guid: 4bdbd2b73f1211642b355ad9e99e7407, type: 3}
  m_Type: 3
  m_PreserveAspect: 0
  m_FillCenter: 1
  m_FillMethod: 1
  m_FillAmount: 0
  m_FillClockwise: 1
  m_FillOrigin: 0
  m_UseSpriteMesh: 0
  m_PixelsPerUnitMultiplier: 1
--- !u!114 &6023427396713541272
MonoBehaviour:
  m_ObjectHideFlags: 0
  m_CorrespondingSourceObject: {fileID: 0}
  m_PrefabInstance: {fileID: 0}
  m_PrefabAsset: {fileID: 0}
  m_GameObject: {fileID: 7095649758833724213}
  m_Enabled: 1
  m_EditorHideFlags: 0
  m_Script: {fileID: 11500000, guid: 88fb3ea51bb752b49abd5037a4f40f6a, type: 3}
  m_Name: 
  m_EditorClassIdentifier: 
  playing: 0
  paused: 0
  timer: 0
  animIdx: -1
  currentIdx: 0
  speedRatio: 1
  playFrom: 0
  overrideTimeScale: 0
  timeScaleOverride: 0
  list:
  - animationName: balance-active
    animation:
      speedRatio: 1
      loop: 1
      frameToLoop: 0
      frameDatas:
      - sprite: {fileID: 21300000, guid: b73030a9e165d3542a19ee37a4a38ba3, type: 3}
        time: 0.04
        eventEnabled: 0
        eventName: 
      name: balance-active
      selectedIndex: 0
      newFramesTime: 0.05
      setFramesTime: 0.1
    file: {fileID: 11400000, guid: 38115812ff41441bd85ca8d281674d6b, type: 2}
  - animationName: balance-inactive
    animation:
      speedRatio: 1
      loop: 1
      frameToLoop: 0
      frameDatas:
      - sprite: {fileID: 21300000, guid: 6e070804c7bba5c4ca9b8d0a9137e457, type: 3}
        time: 0.04
        eventEnabled: 0
        eventName: 
      name: balance-inactive
      selectedIndex: 0
      newFramesTime: 0.05
      setFramesTime: 0.1
    file: {fileID: 11400000, guid: 38115812ff41441bd85ca8d281674d6b, type: 2}
  - animationName: chaos-active
    animation:
      speedRatio: 1
      loop: 1
      frameToLoop: 0
      frameDatas:
      - sprite: {fileID: 21300000, guid: 0fa25c8dc65ef814a84fbf1b1eb8c3a8, type: 3}
        time: 0.04
        eventEnabled: 0
        eventName: 
      name: chaos-active
      selectedIndex: 0
      newFramesTime: 0.05
      setFramesTime: 0.1
    file: {fileID: 11400000, guid: 38115812ff41441bd85ca8d281674d6b, type: 2}
  - animationName: chaos-inactive
    animation:
      speedRatio: 1
      loop: 1
      frameToLoop: 0
      frameDatas:
      - sprite: {fileID: 21300000, guid: 23bb353d4365dbb4eb69d52b70e16a04, type: 3}
        time: 0.04
        eventEnabled: 0
        eventName: 
      name: chaos-inactive
      selectedIndex: 0
      newFramesTime: 0.05
      setFramesTime: 0.1
    file: {fileID: 11400000, guid: 38115812ff41441bd85ca8d281674d6b, type: 2}
  - animationName: fortune-active
    animation:
      speedRatio: 1
      loop: 1
      frameToLoop: 0
      frameDatas:
      - sprite: {fileID: 21300000, guid: efde460feff97a54eaeebfb35e6dac82, type: 3}
        time: 0.04
        eventEnabled: 0
        eventName: 
      name: fortune-active
      selectedIndex: 0
      newFramesTime: 0.05
      setFramesTime: 0.1
    file: {fileID: 11400000, guid: 38115812ff41441bd85ca8d281674d6b, type: 2}
  - animationName: fortune-inactive
    animation:
      speedRatio: 1
      loop: 1
      frameToLoop: 0
      frameDatas:
      - sprite: {fileID: 21300000, guid: c1bf0389fd10d814a94a7ba265a05ee9, type: 3}
        time: 0.04
        eventEnabled: 0
        eventName: 
      name: fortune-inactive
      selectedIndex: 0
      newFramesTime: 0.05
      setFramesTime: 0.1
    file: {fileID: 11400000, guid: 38115812ff41441bd85ca8d281674d6b, type: 2}
  - animationName: nature-active
    animation:
      speedRatio: 1
      loop: 1
      frameToLoop: 0
      frameDatas:
      - sprite: {fileID: 21300000, guid: 1d0b7127535eb1245b7cc887906c2073, type: 3}
        time: 0.04
        eventEnabled: 0
        eventName: 
      name: nature-active
      selectedIndex: 0
      newFramesTime: 0.05
      setFramesTime: 0.1
    file: {fileID: 11400000, guid: 38115812ff41441bd85ca8d281674d6b, type: 2}
  - animationName: nature-inactive
    animation:
      speedRatio: 1
      loop: 1
      frameToLoop: 0
      frameDatas:
      - sprite: {fileID: 21300000, guid: 8a8b714c679856942b9a678298a56468, type: 3}
        time: 0.04
        eventEnabled: 0
        eventName: 
      name: nature-inactive
      selectedIndex: 0
      newFramesTime: 0.05
      setFramesTime: 0.1
    file: {fileID: 11400000, guid: 38115812ff41441bd85ca8d281674d6b, type: 2}
  - animationName: war-active
    animation:
      speedRatio: 1
      loop: 1
      frameToLoop: 0
      frameDatas:
      - sprite: {fileID: 21300000, guid: 4bdbd2b73f1211642b355ad9e99e7407, type: 3}
        time: 0.04
        eventEnabled: 0
        eventName: 
      name: war-active
      selectedIndex: 0
      newFramesTime: 0.05
      setFramesTime: 0.1
    file: {fileID: 11400000, guid: 38115812ff41441bd85ca8d281674d6b, type: 2}
  - animationName: war-inactive
    animation:
      speedRatio: 1
      loop: 1
      frameToLoop: 0
      frameDatas:
      - sprite: {fileID: 21300000, guid: dc09fa6ccb74a254a80cf3b03dd4e08b, type: 3}
        time: 0.04
        eventEnabled: 0
        eventName: 
      name: war-inactive
      selectedIndex: 0
      newFramesTime: 0.05
      setFramesTime: 0.1
    file: {fileID: 11400000, guid: 38115812ff41441bd85ca8d281674d6b, type: 2}
  animationAsset: {fileID: 11400000, guid: 38115812ff41441bd85ca8d281674d6b, type: 2}
  mode: 0
